3016 5018
216 192 235 254 2
693 184 977 240 raanuornrur.

215 360 366 426 omnibus
388 359 553 425 exstitisse
575 356 751 441 perhibent
772 358 928 441 cuiusque
950 379 1051 423 cunas
1074 358 1108 421 in
1130 357 1358 423 Elaevirorum
1379 361 1451 425 offi-

216 445 291 512 cina
312 445 434 528 positas
456 445 559 510 fuisse
581 452 614 509 et
636 444 696 508 sibi
720 450 754 508 et
771 444 843 508 aliis
861 444 1056 527 persuadere
1074 465 1140 507 non
1161 442 1319 509 dubitant.
1362 445 1452 511 Sane

216 532 377 615 originem
397 532 467 597 eius
490 531 589 596 altius
611 536 765 611 repetunt
792 531 832 595 ab
860 531 999 593 Erasmo
1026 527 1266 612 Stephanisque
1294 543 1326 595 et
1353 533 1450 612 Beaa,

112 673 115 680 .
215 639 296 701 quos
314 617 498 700 paullulum
515 616 652 681 subinde
670 615 842 681 lectionem
860 620 1005 681 mutasse
1027 615 1218 694 concedunt,
1244 628 1356 698 postea
1374 640 1452 683 vero

215 725 275 787 per
295 704 462 786 integrum
484 702 651 767 saeculum
681 709 714 765 11
739 701 874 766 11111111
897 701 1069 765 dimidium
1091 724 1158 765 non
1180 702 1320 785 amplius
1343 706 1451 768 varia·

215 797 287 854 tam
308 791 504 871 scripturam
528 787 569 853 ad
590 785 792 852 celeberrimi
821 788 926 853 critici
954 788 1103 853 lenensis
1131 794 1279 870 tempora
1308 788 1451 853 delatam

217 880 344 958 putant,
368 876 459 941 cuius
480 875 546 940 viri
567 875 711 937 maxima
738 873 842 957 gloria
869 894 910 937 ex
939 895 976 938 co
1003 874 1075 957 ipso
1103 873 1304 939 redundasse
1333 875 1452 940 dicitur

216 960 303 1044 quod
325 961 456 1042 primus
469 959 725 1024 emendatiorem
747 982 790 1023 ex
812 958 955 1023 fontibus
974 961 1104 1024 eruerit.
1150 961 1259 1043 Atque
1277 961 1338 1026 hoc
1357 969 1452 1043 pacto

217 1046 259 1111 ad
276 1047 365 1111 hunc
382 1068 483 1129 usque
503 1044 591 1108 diem
609 1045 798 1128 saepissime
816 1045 857 1108 ad
875 1047 1057 1128 marginem
1076 1045 1243 1123 librorum,
1267 1045 1452 1129 ubicunque

217 1131 257 1197 ab
280 1131 520 1213 antiquioribus
543 1130 727 1214 discrepare
747 1131 920 1209 videntur,
943 1131 1062 1196 horum
1085 1131 1239 1196 lectiones
1261 1134 1351 1214 quasi
1373 1133 1452 1198 olim

217 1218 258 1283 ab
282 1219 432 1283 omnibus
454 1225 603 1300 receptae
634 1228 667 1281 et
695 1216 853 1282 hactenus
880 1217 1035 1302 vulgares
1064 1218 1104 1282 ab
1134 1217 1310 1284 editoribus
1338 1218 1452 1284 sedulo

216 1309 384 1369 notantur.

302 1387 426 1454 Verum
446 1388 528 1454 haee
550 1390 669 1468 omnia,
693 1390 722 1454 si
743 1410 809 1453 non
832 1390 965 1453 omnino
995 1390 1076 1454 falsa
1105 1397 1138 1453 et
1164 1411 1309 1467 erronea,
1340 1397 1453 1454 tamen

217 1475 328 1540 minus
349 1482 437 1541 recte
459 1474 545 1539 dicta
567 1482 652 1541 sunt
698 1475 950 1540 Griesbachium
977 1475 1107 1557 quidem
1134 1476 1244 1558 ipsum
1272 1475 1365 1539 iacile
1395 1497 1452 1540 ex-

218 1570 366 1627 cusatum
388 1561 493 1625 habeo
516 1560 602 1643 quod
623 1567 753 1625 textum
782 1561 999 1642 antiquiorem
1027 1582 1124 1642 quem
1153 1559 1327 1625 emendare
1354 1582 1452 1626 eona-

217 1647 316 1713 batur
336 1647 507 1731 vulgarem
530 1654 563 1711 et
583 1654 751 1730 receptum
774 1647 902 1712 dixerit.
953 1647 1041 1712 Nam
1062 1648 1098 1711 in
1120 1647 1265 1712 coetibus
1287 1647 1453 1712 Luthera-

218 1754 336 1797 norum
363 1733 527 1797 inferioris
560 1733 774 1812 Germaniae,
807 1733 849 1797 ad
877 1755 958 1815 quos
988 1744 1020 1797 et
1049 1733 1207 1798 Halensis
1241 1741 1274 1797 et
1302 1734 1453 1799 lenensis

219 1818 403 1884 academiae
425 1817 640 1901 pertinebant,
671 1818 754 1884 aliae
776 1818 934 1884 editiones
962 1820 1029 1884 fere
1057 1818 1169 1883 nullae
1198 1826 1267 1882 tum
1296 1821 1453 1902 temporis

218 1925 282 1969 usu
303 1905 480 1970 veniebant
496 1925 594 1987 quam
612 1925 694 1987 quae
711 1926 754 1969 ex
772 1904 1056 1987 orphanotropheo
1073 1905 1213 1969 Haleusi
1229 1905 1283 1971 vel
1302 1926 1342 1969 ex
1361 1906 1452 1989 prelo

218 1990 381 2068 Vossiano
402 1990 517 2072 Lipsia
541 1997 574 2055 11
591 1990 746 2055 Berolino
764 1992 917 2056 exiebant
934 1991 1216 2073 frequentissimae
1235 2012 1352 2073 eaeque
1370 2013 1452 2073 pure

219 2084 299 2158 pute
326 2076 563 2142 Elzevirianae.
609 2076 700 2156 Quas
729 2084 762 2140 et
788 2078 932 2159 pretium
959 2077 1078 2141 eximie
1107 2077 1269 2143 modicum
1297 2083 1330 2141 et
1359 2079 1452 2164 the07

222 2162 372 2245 logorum
405 2162 559 2227 strictiori
586 2163 744 2227 formulae
776 2162 980 2227 addictorum
1011 2170 1111 2227 tenax
1144 2162 1342 2228 consuetudo
1374 2185 1453 2245 prae

217 2248 354 2312 caeteris
383 2248 639 2326 commendabat,
670 2249 717 2313 ita
743 2256 781 2313 ut
809 2270 913 2314 novus
940 2249 1045 2313 editor
1074 2248 1287 2331 quodcunque
1316 2270 1358 2312 ex
1385 2249 1453 2312 illis

216 2333 310 2397 libris
336 2342 375 2397 ut
402 2335 551 2416 spurium
580 2333 707 2401 delebat
736 2334 789 2400 vel
818 2336 858 2400 ab
886 2334 1000 2398 iisdem
1029 2335 1175 2399 alienum
1203 2356 1262 2398 suo
1289 2334 1454 2400 inserebat

217 2440 283 2484 non
306 2427 416 2501 posset
437 2441 504 2484 non
525 2425 660 2500 receptae
682 2420 814 2485 lectioni
836 2440 1006 2503 opponere.
1041 2421 1253 2486 Caeterarum
1272 2419 1453 2484 editionum

217 2504 252 2568 in
269 2505 335 2569 illis
353 2505 543 2589 regionibus
560 2506 662 2588 vulgo
680 2506 868 2588 ignotarum
886 2516 1005 2585 noster,
1025 2528 1210 2589 quanquam
1225 2507 1306 2570 bene
1319 2527 1452 2590 gnarus

217 2599 402 2673 respectum
430 2590 550 2656 habere
579 2614 859 2675 supervacaneum
887 2591 1032 2658 ducebat.
1085 2591 1153 2657 Sed
1182 2591 1267 2675 quod
1293 2592 1342 2656 illi
1371 2592 1452 2656 vitio

217 2677 303 2744 11111
333 2678 447 2759 nequit
473 2679 600 2743 criticos
629 2679 825 2744 recentiores
854 2700 970 2761 parum
997 2678 1097 2744 decet.
1150 2679 1274 2744 [lentus
1302 2687 1452 2760 receptus

218 2783 317 2845 quem
339 2762 446 2828 dicere
467 2765 571 2846 possis
592 2764 659 2829 iam
681 2765 716 2828 in
738 2772 807 2829 toto
837 2765 915 2829 orbe
936 2771 1100 2829 terrarum
1125 2763 1235 2829 nullus
1257 2773 1315 2844 est,
1346 2785 1453 2845 neque

218 2849 297 2913 olim
318 2870 464 2931 unquam
485 2850 585 2914 fuisse
606 2851 679 2915 luce
702 2849 821 2915 diurna
843 2851 962 2915 elarius
983 2852 1056 2932 ipsa
1083 2851 1164 2914 haec
1192 2849 1371 2915 editionum
1400 2870 1452 2913 re·

218 2934 327 2999 censio
350 2934 593 3014 demonstrabit,
617 2934 776 3018 quidquid
795 2935 834 2999 de
853 2935 913 3000 hac
935 2957 971 2999 re
989 2937 1054 3000 viri
1073 2936 1158 3001 docti
1175 2935 1340 3001 indoctam
1357 2935 1453 3019 vulgi

218 3019 428 3084 traditionem
449 3021 578 3103 sequuti
599 3020 634 3083 in
663 3021 862 3085 eontrarium
891 3022 1066 3103 disputent.
1111 3021 1206 3086 Inter
1232 3043 1314 3105 quos
1341 3030 1453 3085 nostra

219 3104 350 3188 quidem
383 3113 488 3170 aetate
519 3105 671 3169 nonnulli
703 3106 901 3170 exstiterunt
929 3108 1000 3189 qui,
1035 3116 1073 3172 ut
1105 3109 1234 3190 opinor,
1266 3129 1302 3172 11
1335 3107 1453 3172 melius

219 3191 351 3275 cognita
372 3191 482 3255 minus
511 3193 641 3256 incaute
664 3190 703 3256 de
725 3199 818 3256 textu
841 3193 919 3257 olim
941 3193 981 3257 ab
1004 3194 1154 3259 omnibus
1176 3202 1305 3275 recepto
1328 3193 1452 3275 loquuti

220 3285 307 3354 sunt,
330 3277 423 3342 cuius
445 3276 601 3342 lectiones
630 3299 667 3342 eo
694 3279 826 3342 nomino
854 3280 994 3362 margini
1023 3300 1155 3344 suarum
1185 3279 1366 3343 editionum
1395 3279 1452 3343 ad·

220 3361 414 3440 scriberent,
449 3362 506 3428 sed
539 3385 641 3427 unum
674 3363 815 3445 aliquem
849 3365 971 3430 librum
1004 3387 1045 3429 11
1073 3367 1238 3431 veteribus
1267 3364 1454 3448 selegerunt

220 3470 295 3514 cum
317 3470 404 3514 nova
424 3451 611 3514 recensione
633 3449 874 3530 conferendum,
897 3473 940 3515 ex
962 3473 1023 3532 quo
1046 3460 1203 3535 quantum
1226 3451 1306 3515 haec
1328 3452 1368 3514 ab
1386 3450 1452 3514 illis

220 3532 321 3599 distet
340 3535 431 3616 quasi
453 3534 602 3617 exemplo
620 3536 727 3600 oblato
751 3544 887 3617 pateret.
931 3538 1072 3602 Librum
1089 3538 1191 3601 istum
1210 3537 1454 3600 Elzevirianam

220 3641 291 3686 esse
313 3619 490 3684 editionem
512 3640 598 3684 anno
625 3624 704 3682 1614
727 3622 914 3704 evulgatam
938 3644 1035 3687 nemo
1059 3631 1109 3687 est
1130 3623 1187 3705 qui
1208 3623 1340 3688 nesciat.
1385 3620 1452 3686 Sed

219 3705 330 3771 hercle
359 3728 479 3788 quaero
508 3728 572 3790 qua
600 3707 639 3770 de
669 3728 766 3772 causa
793 3708 894 3772 istum
923 3730 1001 3790 prae
1029 3709 1164 3774 11111111
1194 3709 1357 3785 omnibus,
1389 3708 1453 3772 nisi

220 3812 322 3873 nsque
352 3793 514 3857 obtineret
535 3792 766 3874 vpraeiudicata
797 3794 855 3858 illa
887 3795 995 3877 opinio
1026 3794 1065 3860 de
1097 3803 1190 3859 textu
1220 3794 1374 3875 deinceps
1401 3794 1453 3857 in·

219 3878 357 3955 variato,
388 3898 485 3959 quam
514 3879 610 3942 modo
640 3880 754 3944 falsam
785 3878 876 3944 dixi?
930 3880 1038 3961 Quam
1067 3902 1185 3962 parum
1215 3890 1324 3944 autem
1354 3879 1453 3943 editio

219 3962 277 4027 illa
299 3963 460 4045 dignitate
481 3964 655 4047 principali
677 3965 817 4049 gaudeat
838 3967 925 4030 infra
946 3967 1143 4032 ostendetur.

306 4049 421 4113 Liceat
453 4050 535 4114 mihi
568 4051 772 4132 paucissimis
808 4052 966 4135 exemplis
1001 4053 1166 4118 declarare
1199 4073 1296 4135 quam
1335 4072 1453 4132 parum

221 4133 380 4199 utilitates
402 4135 568 4200 studiosus
589 4136 691 4201 lector
712 4138 878 4220 percipiat,
906 4140 971 4203 imo
996 4159 1094 4220 quam
1116 4138 1258 4202 multum
1280 4137 1400 4202 erroris
1423 4137 1454 4201 ei

221 4219 416 4284 obtrudatur
443 4243 485 4285 11
513 4221 686 4287 1111111111
713 4223 771 4287 tali
798 4224 925 4288 ratione
953 4224 1112 4289 instituta.
1158 4223 1393 4288 Griesbachius
1421 4230 1455 4286 et

221 4306 278 4409 qui
304 4313 377 4388 post
404 4327 479 4370 eum
505 4308 639 4371 fuerunt
666 4309 770 4374 critici
795 4330 907 4375 omues
929 4309 950 4374 l.
975 4310 1017 4374 ad
1037 4310 1132 4374 Rom.
1158 4315 1186 4385 7,
1211 4314 1228 4370 6
1252 4309 1455 4391 scripserunt

221 4390 428 4465 αποθανόντες
450 4392 622 4459 lectionem
644 4395 739 4459 unice
762 4416 883 4473 veram,
914 4403 947 4460 et
974 4395 1015 4460 ad
1041 4395 1225 4478 marginem
1248 4393 1454 4467 ἀποθανόντος

221 4484 334 4560 utpote
352 4477 430 4542 olim
447 4484 599 4558 receptam
617 4480 824 4546 adnotarunt.
861 4481 989 4546 Verum
1007 4481 1101 4546 lectio
1117 4481 1176 4545 illa
1195 4480 1456 4547 Griesbacbiana

221 4563 289 4628 iam
317 4570 414 4630 antea
434 4564 471 4631 in
498 4573 631 4631 eentum
658 4567 866 4652 septuaginta
893 4573 926 4632 et
952 4574 1093 4651 quatuor
1121 4567 1320 4633 editionibus
1347 4566 1457 4632 fuerat
