3016 5018
611 150 895 208 PRAEMONENDA.
1327 155 1362 215 ll

131 322 232 390 modo
254 323 420 388 minorem
447 322 591 406 adeoque
618 325 799 391 minimam.
861 325 952 406 Quos
980 324 1135 390 nonnulli
1162 345 1229 389 non
1257 324 1368 388 minus

133 409 272 476 sollicite
294 410 329 473 in
352 430 448 474 suam
469 419 664 492 receperunt
686 411 909 477 collectionem
931 432 1028 493 quam
1048 411 1178 495 integra
1199 409 1368 475 volumina

134 495 312 576 eodemque
329 496 399 560 iure
418 499 452 559 et
468 497 601 561 nomine
618 498 712 561 seriei
731 503 931 563 caeterorum
950 498 1170 562 inseruerunt.
1212 495 1280 560 Alii
1298 517 1368 560 eos-

134 581 211 646 dem
234 581 385 646 exsulare
406 582 583 662 iusserunt,
608 590 720 664 utpote
743 585 901 666 sequioris
923 582 1092 667 dignitatis
1121 581 1289 646 centuriae
1312 579 1367 645 ad·

133 664 330 733 scribendos
360 667 433 750 Ego
450 667 592 732 mediam
610 669 696 734 viam
713 669 882 754 ingressus
903 669 1058 751 quasdam
1078 668 1192 732 talium
1210 667 1369 732 librorum

134 753 257 821 classes
279 753 406 818 silentio
434 754 613 836 praeterire
642 754 734 819 nolui
762 757 880 838 quippe
908 777 966 837 pro
995 754 1122 820 consilii
1149 754 1214 817 mei
1241 753 1369 817 ratione

133 839 273 904 minime
291 839 425 905 erebus
442 840 525 904 meis
544 841 675 906 alienas.
720 843 835 924 Itaque
857 841 911 906 hic
932 841 967 905 in
988 862 1122 905 censum
1145 839 1280 905 venient
1301 837 1369 902 edi·

134 925 241 991 tiones
262 924 338 990 illae
360 945 443 1006 quae
466 947 618 1009 magnam
642 927 782 1010 aliquam
810 936 938 1011 partem
966 927 1006 991 N.
1031 927 1068 991 Τ.
1092 925 1272 1003 continent,
1299 924 1369 990 sive

133 1011 237 1077 libros
258 1011 431 1077 historicos
454 1033 576 1089 omnes,
600 1013 671 1078 sive
694 1013 865 1097 evangelia
886 1013 941 1078 vel
964 1012 1126 1095 epistolas,
1153 1011 1224 1075 sive
1245 1011 1286 1074 ad
1308 1009 1369 1073 mi·

134 1098 253 1162 ninum
277 1097 448 1180 evangelia
469 1099 640 1181 synoptico
657 1100 711 1164 vel
730 1100 831 1165 libros
848 1099 1000 1182 paulinos
1019 1105 1076 1162 aut
1090 1096 1243 1181 epistolas
1258 1095 1370 1161 catho-

134 1184 215 1248 licas
238 1204 320 1266 quas
343 1183 459 1247 dicunt
479 1187 663 1267 separatim.
697 1186 874 1250 Librorum
896 1184 1101 1268 singulorum
1124 1191 1233 1247 autem
1255 1181 1370 1246 editio-

134 1290 196 1335 nes
220 1290 275 1334 eas
296 1277 425 1334 tantum
446 1269 620 1335 recensebo
647 1271 682 1335 in
709 1272 826 1353 quibus
848 1270 1046 1336 adornandis
1068 1270 1132 1334 viri
1156 1268 1241 1332 docti
1262 1268 1370 1350 ipsum

135 1363 268 1420 textum
290 1376 356 1419 non
378 1354 569 1438 simpliciter
591 1377 609 1420 e
631 1358 809 1421 vetustiore
836 1357 943 1438 aliquo
972 1356 1055 1420 libro
1085 1354 1286 1437 descriptum
1314 1351 1371 1418 sed

134 1441 270 1525 propria
286 1441 450 1508 industria
467 1442 625 1525 novisque
644 1444 731 1507 curis
749 1443 952 1524 recognitum
972 1441 1201 1506 exhibuerunt.
1232 1438 1372 1521 Reliqua

136 1528 242 1606 omisi,
260 1527 405 1592 maxime
420 1527 578 1593 editiones
591 1530 814 1611 pericopamm
826 1528 1070 1594 dominicalium
1082 1548 1222 1609 quarum
1233 1545 1372 1609 magnus

136 1620 247 1679 exstat
267 1634 433 1691 numerus,
456 1621 526 1677 tum
549 1613 738 1680 harmonias
761 1636 841 1697 quas
864 1621 982 1679 vocant
1004 1613 1219 1696 evangelicas,
1243 1618 1373 1675 textum

137 1699 386 1784 synoptioorum
413 1699 557 1764 mixtum
584 1701 786 1783 praebentes,
814 1699 954 1782 denique
980 1698 1139 1764 librorum
1167 1697 1373 1782 singulorum

137 1784 329 1869 apographa
349 1787 470 1866 absque
493 1806 572 1852 cura
594 1788 707 1853 critica
725 1788 760 1850 in
779 1808 872 1851 usum
893 1785 1078 1851 scholarum
1096 1806 1219 1851 recusa.
1260 1783 1372 1847 Etiam

138 1871 300 1938 editiones
322 1872 524 1953 singulorum
553 1872 698 1936 codicum
725 1872 1033 1953 manuscriptorum,
1064 1871 1104 1935 ad
1132 1892 1208 1936 eum
1237 1869 1372 1933 modum

137 1978 238 2042 quem
258 1959 311 2038 foe
332 1958 436 2023 simile
458 1966 575 2024 vocant
597 1958 784 2041 descriptas,
808 1958 945 2024 hicnon
964 1956 1107 2022 habebis.
1151 1956 1245 2037 Quae
1263 1955 1373 2020 omnia

137 2065 205 2109 non
232 2042 304 2129 ideo
332 2053 499 2126 praetereo
528 2044 615 2126 quod
643 2065 663 2108 a
690 2064 802 2110 museo
830 2066 902 2109 meo
936 2044 1088 2108 exsulant
1121 2043 1258 2126 (adsunt
1285 2041 1372 2106 enim

139 2128 307 2213 plurima),
331 2128 388 2194 sed
410 2131 487 2211 quia
509 2151 529 2194 a
550 2131 715 2212 praesenti
737 2130 890 2195 instituto
913 2131 1019 2194 aliena
1041 2128 1244 2194 videbantur.

226 2213 294 2281 Sed
316 2221 350 2280 et
371 2214 459 2280 aliud
482 2215 637 2297 quiddam
666 2217 703 2281 in
724 2216 922 2282 editionibus
945 2214 1177 2280 enumerandis
1199 2213 1374 2279 observan-

140 2302 218 2367 dum
238 2307 367 2383 estque
385 2302 534 2386 neglecto
551 2302 772 2386 bibliographi
789 2323 808 2365 a
826 2310 914 2367 recto
927 2302 1059 2366 tramite
1078 2301 1207 2383 saepius
1222 2299 1302 2363 mihi
1319 2297 1374 2362 ab
1460 2369 1463 2373 ,

140 2407 267 2453 errasse
282 2386 445 2452 videntur.
485 2388 656 2452 Plurimae
667 2389 755 2453 enim
768 2395 900 2454 exstant
918 2387 1075 2452 editiones
1093 2407 1175 2468 quae
1194 2385 1261 2450 solo
1279 2384 1375 2448 titulo

140 2479 268 2538 mutato
285 2482 342 2538 aut
359 2495 446 2539 nova
463 2474 542 2537 anni
559 2481 638 2539 nota
656 2474 803 2556 adposita
824 2474 927 2538 altera
944 2474 983 2538 ab
1002 2474 1105 2537 altera
1123 2473 1270 2538 diversae
1288 2476 1375 2546 sunt,

139 2561 216 2642 ipsa
235 2559 314 2624 libri
335 2560 519 2624 substantia
541 2566 575 2624 et
595 2561 774 2625 formarum
796 2560 1029 2642 compositione
1051 2559 1187 2623 minime
1207 2561 1373 2620 renovata.

140 2644 215 2711 Has
236 2645 380 2710 indicare
398 2646 540 2727 quidem,
563 2667 628 2710 non
651 2656 760 2711 autem
783 2647 918 2710 seorsim
941 2666 1114 2709 numerare
1136 2645 1183 2708 rei
1206 2647 1375 2707 consenta-

141 2752 243 2796 neum
264 2731 349 2796 mihi
370 2731 480 2796 visum
502 2739 559 2796 est.
604 2732 712 2797 Multo
739 2740 848 2796 autem
876 2733 987 2814 plnres
1015 2738 1093 2795 sunt
1121 2730 1219 2794 huius
1247 2727 1377 2812 generis

140 2817 221 2883 libri
241 2837 339 2899 quarn
362 2817 427 2882 viri
449 2816 535 2882 docti
556 2817 635 2882 olim
657 2819 920 2901 suspicabantur,
943 2818 998 2900 qui
1021 2839 1088 2880 nou
1110 2816 1173 2880 uisi
1195 2814 1376 2897 praesenti·

141 2903 205 2970 bns
226 2903 364 2969 testibus
384 2911 417 2968 et
439 2903 610 2970 collatione
631 2905 719 2970 facta
736 2904 787 2969 vel
807 2902 1041 2987 dignoscendos
1061 2903 1114 2967 vol
1133 2899 1377 2982 coniungendos

141 3011 239 3054 nosse
256 2996 415 3072 poterant
458 2989 589 3055 Nostris
606 2991 748 3054 maxime
766 2989 967 3072 temporibus
990 2989 1196 3056 celebrantur
1218 2986 1378 3052 editiones

142 3075 343 3161 στερεοιύπως
364 3096 503 3140 excusae
525 3097 663 3158 quarum
686 3076 800 3140 eadem
822 3077 905 3141 ratio
928 3085 986 3140 est.

175 3283 190 3365 ς
216 3286 242 3343 5.
288 3279 458 3348 OPERIS
481 3280 749 3351 DISPOSI'PIO
773 3285 831 3349 ΕΤ
855 3281 1168 3350 COLLATIONIS
1191 3279 1343 3347 RATIO.

230 3417 351 3482 Varias
372 3418 503 3500 quidem
524 3420 665 3503 ingressi
694 3433 774 3485 sunt
795 3421 866 3485 vias
890 3421 972 3485 docti
997 3421 1063 3487 viri
1085 3421 1238 3503 quiante
1265 3424 1379 3482 nostra

142 3511 294 3585 tempora
315 3504 465 3569 notitiam
488 3504 676 3571 editionum.
721 3507 761 3570 N.
781 3507 817 3570 Τ.
837 3508 944 3589 graeci
963 3509 1090 3589 qualem
1110 3513 1144 3571 et
1161 3526 1221 3589 ego
1238 3503 1379 3568 meditor

142 3589 417 3672 conscripserunt.
460 3592 526 3655 Alii
549 3592 646 3670 enim,
668 3602 848 3674 praeeunte
865 3593 982 3658 lacobo
1000 3594 1050 3658 Le
1068 3594 1165 3676 Long
1186 3590 1379 3672 simpliciter

142 3673 293 3740 ordinem
315 3675 581 3759 chronologicum
603 3698 700 3758 quem
725 3676 839 3742 dicunt
860 3680 992 3760 sequuti
1013 3699 1126 3743 omnes
1148 3678 1290 3760 reliquas
1313 3675 1377 3741 dis·

142 3761 337 3826 tribuendae
369 3763 526 3828 materiae
558 3765 701 3828 rationes
734 3764 960 3848 neglexerunt.
1015 3765 1084 3830 Alii
1112 3764 1210 3829 simul
1240 3763 1379 3827 formam

141 3846 304 3912 librorum
326 3848 547 3931 respicientes,
569 3857 606 3913 ut
623 3850 778 3928 Lorkius,
801 3852 921 3915 seriem
940 3859 1054 3933 quater
1076 3851 1262 3915 inchoatam
1285 3847 1378 3912 enhi-

142 3933 231 3998 bent
268 3933 401 3998 Novum
422 3934 545 4016 aliquid
566 3936 629 4000 sibi
650 3936 851 4020 excogitavit
871 3936 1040 4002 Meschius
1062 3937 1102 4001 ab
1125 3935 1231 4000 indole
1254 3941 1286 3999 ct
1307 3934 1380 4016 lege

142 4018 278 4085 maioris
311 4019 365 4084 sui
392 4020 499 4102 operis
529 4042 595 4085 non
622 4021 773 4086 alienum.
830 4022 897 4103 Qui
925 4044 1038 4087 omncs
1065 4021 1222 4086 editiones
1249 4022 1284 4084 in
1312 4026 1379 4084 tres

144 4104 265 4170 classes
303 4104 429 4184 divisit,
468 4106 619 4195 primam!
648 4107 772 4172 scilicet
804 4129 917 4172 carum
951 4129 1033 4190 quae
1066 4114 1192 4173 textum
1224 4126 1379 4190 graecum

142 4191 271 4256 nudum
294 4191 454 4271 referunt,
478 4192 655 4257 secundam
678 4215 791 4257 earum
814 4215 895 4274 quae
918 4195 1100 4259 versionem
1123 4194 1248 4258 addunt
1269 4213 1378 4271 unam,

142 4277 279 4342 tertiam
306 4275 446 4360 denique
473 4278 739 4362 polyglottarum.
784 4280 893 4362 Atque
921 4281 956 4343 in
982 4280 1121 4364 singulis
1144 4278 1302 4343 classibus
1325 4297 1379 4344 eas

143 4383 228 4446 quae
249 4364 416 4446 integrum
444 4385 602 4429 canonem
630 4365 819 4430 describunt
845 4367 1019 4448 separatim
1047 4365 1217 4430 collocavit
1244 4365 1284 4430 ab
1313 4363 1379 4429 illis

142 4469 230 4532 quae
255 4457 383 4531 partem
412 4455 542 4515 tantum
568 4450 728 4516 librorum
756 4471 922 4516 sacrorum
951 4450 1240 4532 comprehendunt.
1286 4450 1380 4515 Haec

142 4535 306 4602 maenus
322 4535 402 4600 satis
419 4535 574 4620 legitime,
600 4537 629 4601 si
646 4538 749 4602 solam
767 4546 937 4602 externam
956 4538 1137 4603 editionum
1159 4536 1382 4604 conditionem
