3016 5018
611 187 894 246 PRAEMONENDA.
1354 195 1373 255 7

137 360 272 446 quidem
293 381 348 426 eos
369 361 457 425 ultra
478 358 624 426 Millium
647 381 759 443 sapere
782 364 935 446 coegeris.
959 358 962 362 ⁴
980 358 1045 442 816,
1069 368 1108 427 ut
1128 364 1241 445 paucis
1265 382 1376 428 exem·

136 446 201 531 plis
231 453 306 511 utar
333 468 375 511 ex
403 445 594 512 clarioribus
624 449 812 514 auctoribus
840 450 1043 532 repetendis,
1073 450 1099 513 I.
1130 450 1172 514 D.
1202 448 1377 515 Michaelis

138 532 280 618 (Introd.
310 531 359 597 ed.
382 532 442 597 IV.
467 534 503 597 Τ.
526 531 555 597 Ι.
578 554 608 616 p.
634 537 711 611 780)
741 534 985 616 quatuordecim
1015 534 1175 600 editiones
1203 535 1245 599 ad
1275 535 1376 600 Eras-

137 621 241 684 micas
269 617 434 702 pertinere
463 617 557 683 dicit:
594 641 612 684 e
640 620 758 702 quibus
786 629 897 685 tamen
922 642 983 686 nos
1012 618 1160 686 86116661
1190 620 1314 684 1111661
1344 627 1378 684 68

138 711 278 789 6668661
299 705 593 770 Francofurtenses
622 705 662 770 ad
690 706 770 772 alias
798 707 939 772 familias
966 708 1144 772 referemus
1173 714 1377 771 caeterorum

138 811 278 855 numero
300 810 368 854 non
389 810 507 873 parum
531 798 634 857 aucto.
679 792 773 856 Idem
796 813 863 856 non
884 794 994 858 minus
1017 792 1237 875 perfunctorie
1267 799 1300 857 et
1326 794 1376 857 in-

139 883 235 942 caute
257 877 293 941 in
315 876 457 958 reliquis.
503 876 571 957 Qui
592 878 766 943 Michaelis
795 878 916 943 librum
944 879 1071 963 anglice
1099 878 1199 943 161818
1226 878 1377 961 66816666

137 962 354 1044 locupletavit
386 960 570 1028 Herbertus
603 963 772 1029 Marabius
804 964 885 1030 11666
919 972 1016 1048 68666
1046 964 1111 1029 6116
1138 963 1300 1028 66666116
1319 986 1376 1047 611

137 1048 290 1114 Μ666116
313 1048 488 1131 supplevit,
512 1049 710 1114 6116861666
731 1072 798 1114 666
821 1071 925 1133 pauca
947 1047 1001 1117 161
1023 1048 1377 1131 168668616116618161

138 1155 242 1217 66666
269 1155 387 1198 616666
413 1134 448 1198 16
478 1135 625 1200 medium
654 1137 800 1216 protulit.
846 1134 903 1202 816
926 1139 962 1202 Τ.
986 1137 1031 1202 ΙΙ.
1055 1157 1084 1218 p.
1111 1139 1171 1197 853
1195 1135 1244 1200 ed.
1267 1135 1374 1200 Lond.

141 1224 222 1282 1819
244 1219 402 1284 tredecim
425 1219 585 1286 editiones
614 1231 762 1286 recenset
783 1222 877 1305 quasi
900 1243 917 1286 e
941 1221 1168 1304 complutensi
1197 1221 1376 1305 descriptas

136 1328 239 1388 quum
267 1313 379 1370 tamen
406 1306 481 1370 talis
509 1307 550 1371 ad
580 1308 650 1372 eius
677 1329 780 1390 usquo
808 1314 949 1373 aetatem
976 1309 1068 1373 nulla
1100 1308 1231 1372 omnino
1264 1308 1375 1382 fuerit,

136 1392 371 1457 Plantinianae
393 1413 481 1470 vero,
511 1392 531 1458 i.
555 1415 582 1458 e.
607 1393 1020 1476 Compluto-Stephanicae
1043 1413 1126 1476 quae
1154 1394 1216 1458 boc
1245 1392 1315 1458 1666
1345 1395 1376 1458 61

135 1478 406 1556 obversabantur,
433 1479 540 1544 multo
570 1480 681 1561 plures
710 1487 842 1545 exstent
868 1481 922 1545 vel
953 1480 1072 1545 demtis
1101 1478 1268 1544 nonnullis
1293 1500 1375 1561 quas

136 1571 195 1628 aut
222 1565 353 1646 spurias
380 1572 437 1629 aut
463 1564 586 1630 alienas
615 1567 657 1630 iis
686 1566 889 1631 adnumerat.
936 1565 1029 1647 Quae
1058 1572 1167 1630 tamen
1197 1564 1308 1629 omnia
1335 1564 1376 1629 ab

136 1649 341 1715 Eiobbornio
363 1651 500 1730 (Introd.
524 1652 561 1715 Τ.
585 1652 626 1715 V.
649 1673 681 1733 p.
707 1653 784 1732 260)
807 1660 937 1734 recepta
959 1659 1046 1725 sunt,
1070 1651 1127 1733 qui
1149 1650 1261 1732 paucis
1283 1651 1375 1738 pagi-

136 1736 191 1801 nis
212 1735 395 1800 interiectis
418 1737 462 1818 (p.
487 1737 565 1820 ²279)
592 1737 708 1802 iisdem
736 1737 800 1802 alia
829 1737 993 1821 prioribus
1020 1739 1130 1802 minus
1157 1745 1376 1801 consentanea

135 1842 243 1903 neque
265 1821 369 1904 magis
392 1829 481 1887 certa
504 1830 560 1887 aut
578 1833 722 1889 correcta
740 1823 916 1907 subiungit.
961 1823 1050 1904 Quid
1068 1822 1108 1887 de
1126 1822 1240 1905 Hugio
1259 1822 1374 1901 dicam,

136 1908 210 1973 1116
228 1907 372 1988 61166616
392 1908 601 1990 sagacissimo
620 1916 653 1973 et
671 1908 930 1991 diligentissimo,
949 1910 1006 1991 qui
1024 1904 1123 1974 verbo
1141 1916 1239 1973 tenus
1262 1906 1375 1986 eadem

135 1992 281 2075 profert?
326 1992 416 2073 Quid
438 1992 478 2057 de
501 1995 637 2060 66686116
660 1995 832 2059 omnibus?
879 1994 1028 2075 Quorum
1058 2017 1099 2059 ne
1129 2016 1217 2059 unus
1242 1993 1374 2077 quidem

134 2079 224 2161 ipsos
245 2079 347 2143 libros
368 2079 554 2161 inspexisse
577 2079 708 2145 videtur
728 2080 768 2144 de
790 2081 908 2163 quibus
926 2082 1027 2147 verba
1045 2081 1171 2146 faciunt
1193 2080 1276 2144 alter
1293 2080 1375 2145 alto·

134 2185 213 2230 rum
235 2164 464 2230 exscribentes.

222 2251 357 2316 Primus
378 2252 450 2333 ipse
470 2272 539 2316 rom
562 2252 669 2316 denuo
692 2258 846 2337 excutere
871 2251 1045 2336 adgressus
1072 2251 1140 2315 iam
1168 2252 1203 2315 in
1231 2250 1376 2316 secunda

135 2336 299 2402 Historiae
320 2337 485 2401 literarum
508 2338 550 2403 N.
577 2339 612 2402 T.
636 2359 802 2404 sacrarum
823 2337 964 2403 editione
987 2358 1014 2400 a.
1042 2340 1120 2398 1858
1149 2337 1185 2401 16
1206 2337 1375 2419 publicum

135 2424 256 2489 emissa
278 2422 511 2488 accuratiorem
532 2424 732 2488 familiarum
755 2424 906 2489 notitiam
927 2423 1004 2487 1616
1026 2423 1267 2488 constitueram.
1305 2420 1374 2487 Sed

134 2530 237 2592 quum
259 2529 297 2574 eo
315 2516 461 2591 tempore
481 2509 626 2574 nondum
644 2510 754 2574 omnia
771 2511 853 2575 meis
871 2511 973 2592 ipsius
992 2508 1093 2573 666116
1110 2508 1373 2590 perlustrassem,

134 2594 255 2660 6661118
287 2602 325 2659 68
366 2594 560 2660 auctoritate
593 2602 645 2661 tot
676 2603 909 2677 tantorumque
941 2595 1087 2660 virorum
1120 2593 1274 2676 deceptus
1307 2614 1374 2658 non

133 2701 240 2763 pauca
260 2682 424 2747 incautius
446 2683 642 2763 reciperem,
664 2684 698 2749 in
720 2679 887 2746 nonnullis
910 2681 1018 2758 681616,
1043 2702 1095 2744 616
1115 2679 1238 2745 66111668
1258 2679 1372 2758 166616,

133 2766 301 2831 manifesti
323 2787 449 2831 errores
471 2768 661 2848 irreperent.
707 2767 835 2848 Quibus
858 2768 893 2830 in
916 2768 1013 2832 tertia
1036 2773 1069 2830 et
1091 2774 1205 2848 quarta
1227 2763 1372 2830 ciusdem

134 2852 245 2934 operis
267 2852 456 2918 recensione
480 2858 617 2928 (61859
636 2862 670 2918 68
689 2858 768 2915 1864
788 2853 907 2931 611816),
930 2873 993 2935 666
1011 2852 1104 2935 potui
1121 2850 1374 2934 diligentissima

133 2957 215 3004 cura
237 2938 436 3021 expurgatis,
466 2939 532 3003 iam
561 2939 623 3004 boc
651 2939 720 3005 loco
743 2960 826 3023 6666
848 2940 925 3005 61111
948 2938 1145 3004 succinctius
1167 2938 1372 3005 absolveram

134 3025 296 3106 copiosius
314 3045 477 3108 exponere
497 3025 646 3089 conabor.

223 3107 488 3191 861668666616
517 3111 557 3176 de
584 3111 666 3175 meis
694 3111 799 3192 ipsius
827 3110 997 3176 conatibus
1026 3109 1133 3184 116616
1161 3131 1267 3192 pauca
1292 3107 1372 3172 libet

134 3193 277 3260 adiicere
299 3195 339 3260 de
361 3195 433 3261 61116
460 3197 653 3279 6611661616
680 3197 773 3262 111116
800 3195 1004 3261 modestioris
1033 3194 1238 3273 conditionis,
1267 3214 1370 3276 quan-

134 3288 207 3347 tum
231 3279 414 3361 61666816,
441 3281 725 3366 6616666166186
748 3283 893 3347 66661166
916 3281 1013 3346 61666
1042 3303 1141 3364 66661
1167 3280 1241 3344 11166
1270 3280 1373 3344 616116

134 3365 352 3445 adfectantes,
376 3375 408 3431 68
430 3369 551 3433 maiore
574 3390 648 3433 cum
666 3369 776 3433 fructu
798 3367 1011 3433 consulueris.
1056 3367 1124 3446 Qui
1150 3373 1228 3431 sunt
1255 3365 1371 3431 biblio·

134 3452 308 3518 thecarum
341 3453 541 3534 publicarum
576 3463 633 3517 aut
665 3454 869 3541 privatarum
901 3454 1040 3536 catalogi
1077 3473 1144 3516 non
1181 3450 1372 3532 simpliciter

135 3537 252 3604 titulos
274 3538 478 3604 voluminum
500 3540 678 3604 referentes
706 3539 757 3619 (in
780 3540 899 3604 talibus
922 3539 1010 3603 enim
1033 3537 1295 3619 frequentissime
1317 3558 1370 3601 ca-

134 3624 217 3689 lami
245 3625 355 3706 lapsus
384 3625 599 3708 deprehendi)
630 3625 686 3690 sod
716 3627 803 3690 notis
833 3622 993 3690 editorum
1021 3623 1186 3688 illustrati.
1241 3623 1371 3687 Horum

134 3710 289 3775 nonnulli
311 3712 390 3776 satis
412 3712 537 3794 amplas
558 3712 618 3777 tibi
640 3713 747 3794 copias
769 3711 1023 3793 suppeditabunt
1049 3731 1150 3791 eoque
1177 3709 1284 3792 magis
1313 3729 1370 3774 ou-

134 3795 214 3879 pide
233 3796 475 3879 amplectendas
492 3797 578 3880 6661
600 3805 749 3864 66686166
767 3819 820 3861 666
837 3804 966 3861 8668661
985 3795 1083 3860 111166
1101 3804 1274 3861 recensent
1290 3813 1371 3876 quos

134 3883 200 3966 ipsi
223 3883 375 3948 manibus
397 3890 632 3962 tractaverunt,
662 3885 709 3947 ita
734 3892 772 3947 68
794 3885 821 3948 61
843 3885 953 3947 161666
975 3883 1080 3946 multa
1103 3890 1137 3946 at
1157 3880 1279 3964 ubique
1300 3900 1370 3946 cer·

134 3967 264 4034 tissima
282 3969 428 4035 doceant.
473 3970 565 4034 Inter
587 3991 667 4051 quos
689 3971 836 4034 eminent
854 3967 1056 4034 celeberrimi
1074 3966 1143 4050 sig.
1163 3968 1227 4033 Iac.
1247 3967 1370 4031 Baum·

134 4055 279 4138 gartenii
297 4076 396 4138 opera
412 4055 669 4137 bibliogropbioa
687 4055 765 4120 duo:
791 4054 999 4121 afuctrutteo
1017 4075 1076 4119 oon
1098 4055 1183 4118 einer
1199 4051 1371 4117 1611166166

134 4139 320 4222 Boziata,
352 4151 385 4206 et
419 4140 627 4206 Nuchricltea
659 4162 718 4206 666
744 4141 990 4224 661161111666
1022 4139 1179 4218 Baetem,
1213 4159 1296 4220 quae
1329 4138 1370 4203 ab

134 4246 163 4291 a.
191 4230 272 4288 1748
296 4226 336 4290 61
368 4232 447 4289 1758
475 4226 595 4309 viginti
623 4227 847 4293 voluminibus
874 4226 1067 4310 prodierunt
1095 4224 1274 4288 ditissimae
1304 4222 1370 4286 col·

133 4310 286 4377 lectionis
317 4312 448 4397 insigne
480 4320 742 4392 monumentum;
777 4313 817 4378 G.
852 4314 891 4376 L.
927 4309 966 4376 Ο.
1000 4311 1145 4376 Knochii
1174 4307 1371 4373 bibliotbeoa

133 4397 255 4463 biblica
276 4399 346 4464 6116
368 4399 534 4482 catalogus
556 4399 702 4465 codicum
724 4420 890 4464 sacrorum
912 4398 946 4462 in
969 4397 1090 4479 palatio
1113 4395 1220 4461 166611
1241 4395 1369 4459 Β1666-

134 4484 273 4560 1166661,
303 4485 399 4550 bodie
426 4505 506 4551 1616
534 4483 741 4567 Guelferbyti
770 4486 1016 4550 adservetorum
1043 4485 1138 4562 17523
1165 4481 1283 4564 quibus
1312 4481 1369 4545 ad-

135 4569 263 4637 dandae
274 4569 420 4637 eiusdem
433 4570 642 4638 Neobulae
656 4570 1110 4655 6611613111661661166666
1124 4567 1369 4651 Brcuaseltweip
