3016 5018
221 220 259 278 12
690 214 976 271 PRAEMONENDA.

217 389 422 470 spectaveris.
468 387 594 452 Verum
617 386 716 453 simul
738 388 926 452 interiorem
950 389 1152 472 singularum
1176 388 1453 454 necessitudinem

216 474 358 556 aliquam
381 476 542 556 respicere
564 483 699 538 conatus
721 473 825 555 primo
851 475 920 540 loco
940 476 973 539 in
1005 477 1072 540 suis
1099 475 1256 539 classibus
1284 476 1450 540 recensuit

216 580 271 623 eas
300 580 381 641 quac
410 582 429 624 a
457 559 682 642 (lomplutensi
710 560 851 641 pendere
883 561 1089 638 videbantur,
1120 560 1237 625 deinde
1266 582 1307 624 cx
1336 560 1450 624 ordine

214 646 415 723 Erasmices,
445 645 671 727 Stephauicas
701 646 857 720 Because,
887 655 1040 725 caeteras,
1069 654 1234 729 postremo
1262 668 1342 729 quas
1372 646 1451 712 dicit

214 731 367 808 minores,
392 752 454 814 quo
477 734 541 795 fact
529 742 597 795 tum
627 741 676 796 est
663 739 736 795 tut
757 732 885 813 saepius
909 732 986 797 ιιιιιΙ
963 740 1009 797 ιιι
1032 733 1142 814 aliqua
1163 734 1322 814 princeps,
1347 753 1448 831 quum

215 815 375 895 δίγλωττος
397 828 455 882 ant
472 815 580 896 πολιγλ
585 841 672 891 arros
692 819 799 894 fuerit,
823 828 897 898 post
918 839 1031 882 omnes
1054 827 1112 882 aut
1133 818 1292 901 plurimas
1314 819 1385 882 ab
1376 840 1450 899 1psa

215 900 343 968 derivat
330 912 379 967 tas
402 904 462 966 ult'
440 910 518 966 timo
540 903 612 968 loco
636 905 749 968 veniat
771 915 813 978 ιι,
838 911 875 966 ιιι
898 904 957 968 hoc
979 926 1046 968 nno
1069 904 1218 986 exemplo
1240 913 1325 982 utar,
1349 902 1449 968 editio

214 989 372 1070 quaedam
390 989 500 1054 Plant'
478 991 604 1053 t1niana
627 991 705 1053 anni
735 996 822 1066 1564,
846 1010 941 1087 quam
967 1011 1025 1054 nos
1043 991 1177 1071 insuper
1198 1011 1366 1071 nunquam
1389 1011 1449 1054 ex-

214 1074 336 1140 stitisse
360 1074 664 1154 demonstrabimus,
694 1077 839 1138 omnium
866 1077 971 1156 prima
995 1077 1199 1140 numeretur!
1247 1075 1341 1140 Adde
1362 1074 1450 1157 qnod

214 1159 420 1225 doctissimus
444 1169 556 1225 auctor
579 1161 618 1225 de
640 1161 855 1242 plurimarum
879 1161 1006 1246 origine
1037 1181 1074 1224 ac
1097 1162 1199 1244 stirpe
1221 1161 1296 1244 quid
1327 1161 1450 1225 diceret

213 1246 272 1310 vix
295 1246 443 1312 habebat.

298 1333 413 1396 Meum
436 1353 515 1396 vero
538 1332 683 1396 studium
706 1333 840 1396 minime
863 1333 1003 1415 positum
1032 1333 1095 1397 fuit
1121 1334 1155 1397 in
1187 1342 1324 1396 externa
1351 1332 1449 1397 libro·

213 1439 286 1481 rum
309 1418 412 1482 forma
434 1419 620 1482 accuratius
644 1417 865 1497 describenda,
894 1419 927 1482 in
952 1419 1166 1503 depingendis
1187 1419 1301 1496 titulis,
1332 1439 1448 1482 nume·

212 1503 323 1567 randis
346 1505 483 1587 paginis,
512 1505 711 1586 imaginibus
740 1505 768 1568 si
795 1526 877 1586 quac
905 1505 1071 1569 adfuerint
1100 1504 1280 1581 laudandis,
1310 1505 1448 1585 aliisque

212 1589 435 1655 huiuscemodi
457 1590 606 1654 minutiis
624 1589 783 1668 notandis,
806 1591 921 1672 quibus
943 1591 1011 1654 fere
1033 1590 1251 1673 bibliographi
1272 1610 1352 1672 prae
1374 1611 1447 1654 cae-

212 1675 291 1739 teris
313 1676 451 1739 inhiant
430 1677 609 1758 tNeque
634 1677 820 1740 versionum
850 1676 916 1739 nlla
937 1678 1078 1740 ratione
1085 1676 1204 1752 habita
1235 1696 1340 1757 neque
1362 1684 1447 1738 tem-

211 1781 328 1860 porum
351 1761 497 1825 ordinem
522 1770 638 1844 sequut
638 1784 677 1826 us
625 1762 799 1826 tsolius
818 1771 929 1826 textus
953 1784 1063 1827 curam
1088 1762 1174 1844 gessi
1192 1783 1235 1851 ex
1256 1783 1318 1844 quo
1342 1763 1445 1825 edito-

212 1848 257 1910 ris
279 1847 435 1929 cuiusque
456 1848 625 1912 consilinm
656 1857 688 1912 et
710 1847 862 1927 subsidia,
893 1847 1107 1911 editionum
1099 1839 1243 1928 ipsarum
1269 1846 1384 1911 laudes
1413 1857 1447 1911 et

212 1931 340 2014 dignita
321 1941 407 1997 eatm
430 1933 595 1998 discerem.
642 1933 792 2014 Quarum
815 1935 912 1999 ctiam
935 1934 1130 1999 familiaset
1118 1934 1276 1997 tseriem
1305 1955 1345 1997 ex
1375 1932 1447 1998 sola

212 2025 321 2082 textus
333 2039 441 2101 graeci
432 2019 641 2084 'tconforma
620 2027 707 2083 tione
726 2020 889 2096 definiam,
909 2021 955 2083 ita
971 2029 1009 2084 ut
1027 2022 1142 2083 notitia
1160 2020 1250 2098 haec,
1269 2029 1445 2101 quantum·

210 2104 263 2167 vis
291 2125 379 2167 mere
407 2104 664 2188 bibliographica
690 2105 855 2181 videatur,
887 2106 984 2170 simul
1014 2106 1183 2169 historiam
1213 2111 1330 2185 textus·
1354 2105 1444 2188 typis

210 2191 363 2272 exscripti
383 2192 624 2256 accuratissime
645 2198 875 2273 repraesentet.
922 2191 1097 2278 Caeterum
1121 2189 1161 2255 ad
1184 2191 1304 2255 calcem
1326 2193 1445 2272 operis,

211 2297 273 2358 quo
295 2276 422 2341 facilius
445 2277 593 2360 singulae
615 2277 751 2359 reperiri
774 2278 908 2359 possint,
937 2277 1037 2340 index
1067 2276 1107 2340 ad
1136 2297 1296 2340 annorum
1325 2277 1444 2339 seriem

210 2369 415 2428 constructus
438 2362 583 2427 addetur.

296 2448 389 2512 Talia
412 2449 558 2512 molienti
581 2448 636 2512 isti
659 2469 772 2512 omnes
794 2449 849 2530 qni
871 2455 948 2512 autc
971 2469 1022 2512 me
1045 2448 1084 2510 dc
1108 2448 1160 2512 his
1182 2448 1280 2512 rebus
1304 2447 1442 2530 scripse-

209 2542 288 2598 runt
320 2555 438 2616 parum
467 2534 583 2598 auxilii
612 2535 739 2598 adferre
767 2543 926 2616 poterant.
979 2531 1161 2615 Oportebat
1192 2534 1278 2597 euim
1313 2533 1444 2615 singula

208 2621 410 2703 exemplaria
432 2620 544 2684 sedulo
565 2620 653 2684 iuter
676 2642 709 2685 se
732 2622 886 2697 conferre,
917 2619 1036 2684 collata
1063 2618 1194 2683 demum
1222 2640 1265 2683 ex
1293 2619 1444 2683 similitu·

209 2705 284 2770 dine
307 2707 360 2770 vel
388 2705 578 2771 diversitate
608 2707 755 2770 lectionis
784 2707 851 2771 suis
879 2705 1012 2769 familiis
1040 2705 1232 2769 adscribere.
1279 2704 1351 2768 Iam
1380 2726 1443 2787 quo

207 2801 301 2874 pacto
325 2793 385 2857 hoc
407 2793 489 2857 citra
511 2813 674 2856 summum
697 2792 841 2857 laborem
865 2791 1025 2872 nimisque
1053 2789 1258 2856 fastidiosum
1286 2791 1356 2854 fieri
1385 2812 1442 2873 po-

208 2879 316 2954 tuerit,
345 2879 424 2942 satis
453 2887 561 2941 tamen
592 2877 766 2960 diligenter
795 2893 833 2941 ut
862 2877 964 2941 errori
991 2877 1080 2941 locus
1107 2899 1173 2941 non
1201 2876 1442 2954 concederetur,

208 2963 346 3044 accipias
367 2984 496 3044 quaeso,
521 2962 674 3027 benevole
696 2963 810 3026 lectori
849 2963 998 3026 Nimium
1017 2981 1104 3039 sane,
1127 2963 1194 3025 imo
1213 2962 1391 3027 absurdum
1409 2971 1442 3027 et

206 3049 403 3113 immensum
425 3049 540 3113 fuisset
561 3048 717 3112 lectiones
740 3069 795 3112 eas
817 3049 932 3130 quibus
955 3048 1114 3112 editiones
1141 3048 1227 3112 inter
1255 3069 1290 3112 se
1320 3046 1463 3113 discre-v

206 3141 286 3216 pant
316 3133 357 3198 ad
384 3156 484 3198 unam
515 3155 628 3197 omnes
658 3153 842 3212 recensere,
877 3155 919 3197 ne
950 3134 1088 3197 minima
1120 3133 1250 3215 quidem
1281 3134 1439 3216 neglecta,

155 3297 158 3302 ι
206 3241 305 3302 quum
328 3222 519 3283 innumerae
543 3220 609 3282 sint
632 3241 808 3302 earumque
831 3220 993 3302 plurimae
1015 3239 1095 3301 quas
1124 3219 1246 3283 nullius
1275 3221 1342 3284 fero
1371 3241 1440 3284 mo·

207 3307 310 3370 menti
332 3306 565 3370 aestimaveris.
603 3304 699 3385 Quod
722 3307 750 3370 si
772 3307 844 3388 quis
868 3305 920 3370 vel
943 3306 1120 3370 tentaverit
1141 3306 1196 3371 vix
1220 3325 1289 3369 rem
1313 3307 1440 3370 confec·

206 3403 299 3457 turus
321 3393 421 3457 fnisse
444 3392 581 3455 videtur.
632 3392 795 3473 Exemplo
818 3393 909 3457 nobis
931 3393 994 3455 erit
1016 3390 1215 3455 clarissimus
1237 3391 1362 3456 Millius
1386 3393 1441 3473 qni

205 3477 238 3541 id
260 3479 369 3560 ipsum
393 3481 478 3541 inter
500 3478 732 3542 conscribenda
757 3501 813 3542 sua
837 3478 1067 3560 prolegomena
1089 3476 1221 3540 molitus
1244 3476 1283 3540 de
1308 3476 1440 3558 quibus-

206 3563 290 3642 dam,
314 3573 349 3627 ιι
371 3585 436 3628 ιιοιι
459 3564 579 3641 multis,
605 3564 842 3646 antiquioribus
863 3563 1059 3627 editionibus
1080 3562 1217 3626 definire
1236 3563 1339 3626 voluit
1362 3570 1440 3644 quot

204 3650 285 3714 locis
307 3651 409 3714 altera
431 3650 471 3714 ab
494 3651 596 3714 altera
619 3649 807 3726 discederet,
831 3650 1038 3730 locorumque
1061 3648 1177 3712 talium
1200 3669 1362 3712 summam
1382 3648 1438 3711 ad-

205 3737 322 3818 posuit.
369 3734 475 3815 Quem
501 3758 564 3800 nou
588 3735 684 3799 modo
714 3735 882 3800 inchoatae
911 3755 1029 3818 operae
1058 3755 1133 3798 mox
1161 3741 1351 3817 pertaesum
1379 3748 1438 3813 est,

206 3821 262 3885 scd
292 3828 415 3886 certum
448 3820 571 3903 aliquid
604 3821 770 3904 ipsiusque
801 3819 968 3885 sedulitati
997 3828 1255 3885 consentaneum
1285 3819 1439 3885 statuisse

206 3907 262 3971 vix
281 3905 428 3971 dixerim.
473 3909 526 3971 llx
546 3927 611 3971 nnc
630 3906 734 3972 discas
753 3907 870 3971 omnia.
916 3906 1066 3988 Namque
1087 3907 1173 3969 inter
1192 3904 1354 3987 Stephani
1373 3913 1438 3969 ιιι·-

205 3993 284 4058 tiam
313 3995 438 4076 regiam
460 3993 552 4057 illam
574 4001 608 4057 et
636 3993 896 4058 laudatissimam
920 3992 1092 4056 editionem
1117 3992 1320 4074 primamque
1343 3991 1438 4056 Elae-

207 4080 352 4145 virorum
383 4100 449 4142 non
477 4080 542 4143 nisi
570 4078 738 4143 duodecim
767 4079 846 4143 locis
878 4079 1068 4142 varietatem
1096 4078 1243 4142 lectionis
1271 4076 1439 4143 observari

204 4187 305 4248 quum
334 4164 478 4244 dixisset,
507 4164 772 4229 Tischendorfiue
800 4171 912 4228 noster
941 4165 974 4227 in
1004 4163 1243 4247 prolegomenis
1273 4162 1314 4226 ad
1343 4184 1438 4228 suam

204 4251 345 4334 primam
367 4251 443 4315 anni
473 4257 544 4312 184]
574 4271 602 4332 p.
627 4250 739 4314 LXII.
763 4251 906 4314 locorum
936 4250 1025 4312 inter
1047 4257 1220 4332 utramque
1249 4249 1438 4332 discrepan-

204 4337 286 4401 tium
310 4358 483 4401 numerum
506 4338 609 4400 multo
632 4338 797 4414 maiorem,
825 4357 896 4401 esse
917 4336 1155 4399 demonstravit
1176 4354 1314 4417 quorum
1337 4335 1438 4418 pleri·

204 4443 266 4506 que
287 4423 385 4487 Millii
407 4422 517 4488 oculos
539 4423 701 4505 fugerant.
752 4423 879 4486 Verum
901 4421 1053 4503 equidem
1074 4422 1177 4503 ipsius
1199 4420 1438 4486 Tischendorfii

203 4509 425 4574 recensionem
448 4509 543 4572 novis
565 4509 652 4572 curis
684 4509 833 4572 nonnihil
862 4509 974 4590 augeri
1000 4527 1095 4590 posse
1124 4507 1278 4572 facillimo
1306 4509 1437 4591 negotio

203 4594 406 4660 ostenderem
441 4596 468 4658 si
501 4593 578 4675 qnid
611 4595 646 4656 in
679 4593 799 4659 talibus
831 4591 938 4659 lendis
966 4600 999 4657 ιι
1026 4593 1182 4658 momenti
1212 4592 1437 4676 quaerendum
