3016 5018
77 196 98 245 ²·
223 213 262 275 10
705 207 987 265 rannuonnxm.

219 380 446 461 Wustenfcld,
486 382 746 468 Wornigcrodae
780 381 841 446 Ed.
876 382 1129 462 Foerstemann,
1162 383 1332 449 duumviri
1364 385 1455 450 varia

221 468 367 533 doctrina
394 468 474 535 olari
501 470 655 552 omnique
684 491 758 534 mea
787 468 881 532 laude
910 469 1064 548 maiores,
1093 470 1251 554 Lugduni
1281 470 1454 536 Gallorum

220 552 300 619 (ico.
334 555 457 634 Hoffet,
492 556 595 620 veteri
627 577 754 620 meeum
783 553 945 618 amicit-iae
974 554 1107 620 vinculo
1130 556 1262 622 iunctus
1295 563 1328 620 et
1357 557 1455 622 rebus

219 639 301 705 meis
323 662 426 722 usque
448 640 559 706 sedulo
585 647 618 705 et
635 642 773 706 feliciter
791 641 998 723 prospiciens.
1044 640 1239 725 catalogum
1258 642 1454 707 Berolinen·

221 747 289 790 sem
309 726 343 789 in
366 747 476 791 mcum
499 748 595 791 usum
619 727 837 809 exscripserat
848 726 891 789 H.
905 727 941 790 'll
955 726 1077 805 Bruns,
1100 726 1388 811 Hamburgcnsem
1406 727 1453 792 Io.

220 810 390 888 Geffoken,
411 812 609 893 lipsienses
636 812 716 877 duos
747 811 833 876 Rud.
864 813 986 895 Anger,
1017 812 1316 896 Guelferbytanum
1345 813 1382 879 0.
1413 814 1452 878 L.

219 896 417 975 Bethmann,
436 897 739 963 Darmstadiensem
753 898 991 975 attinentes,
1013 898 1233 963 Drasdensem
1252 898 1288 964 Ο.
1302 899 1345 963 H.
1360 897 1453 977 Grai,

219 982 492 1066 Marburgensem
510 984 556 1049 Io.
578 985 818 1062 Gildemeister,
842 983 1033 1049 Gissensem
1058 984 1092 1046 Α.
1111 985 1250 1064 Knobel,
1274 985 1454 1050 Halensem

220 1071 312 1133 Aem.
343 1069 522 1151 Roedigcr3
555 1070 779 1136 Basileenscm
814 1069 893 1135 Geo.
924 1069 1054 1148 Felber,
1088 1071 1316 1153 Upsaliensem
1345 1069 1382 1134 Ο.
1415 1070 1454 1135 Α.

220 1153 413 1232 Hultoranz,
436 1155 742 1221 Montalbanensem
765 1157 811 1220 M.
831 1155 971 1233 Nicolas,
995 1177 1074 1237 quos
1096 1176 1210 1220 omnes
1231 1157 1301 1220 orbi
1323 1156 1453 1221 literato

221 1238 346 1304 dudum
368 1241 515 1323 cognitos
537 1242 722 1307 nominasse
745 1241 875 1320 suffieit,
899 1249 937 1305 ut
959 1263 1056 1323 quam
1073 1242 1213 1307 illustris
1235 1243 1399 1306 fautorum
1421 1249 1454 1306 et

220 1331 434 1409 patronorum
453 1348 570 1391 corona
587 1328 733 1410 opusculi
756 1327 854 1392 huius
873 1347 974 1391 cunas
996 1324 1249 1393 circumsteterit
1266 1327 1371 1393 cuivis
1390 1326 1453 1392 lee-

220 1419 296 1475 turo
325 1417 442 1494 pateat.
487 1414 581 1477 Inter
607 1435 685 1495 quos
712 1415 779 1478 iam
807 1414 917 1494 plures
946 1433 1064 1495 cosque
1093 1415 1276 1479 carissimos
1299 1413 1453 1478 Geffcke·

220 1497 322 1574 nium,
346 1500 526 1582 Angerum,
556 1499 716 1577 Graiium,
747 1500 958 1577 Knobelium,
986 1498 1173 1577 Felberum,
1204 1500 1455 1564 Bethmannum

219 1592 324 1648 morte
346 1584 499 1666 abreptos
521 1585 626 1667 lugeo.
672 1585 821 1666 Quorum
851 1586 998 1648 omnium
1028 1585 1193 1651 laboribus
1223 1585 1356 1649 adiutus
1383 1584 1454 1666 ipse

219 1691 328 1734 meum
348 1677 461 1753 postea
477 1671 604 1736 facilius
623 1680 655 1735 et
674 1671 879 1755 properatius
898 1669 1054 1752 expedire
1071 1671 1172 1754 potui,
1191 1671 1309 1752 ubique
1325 1690 1455 1734 summa

220 1774 293 1820 cum
314 1756 521 1820 humanitate
544 1759 664 1822 avinis
687 1759 789 1823 doctis
818 1755 1088 1821 bibliothecarum
1112 1756 1313 1821 curatoribus
1336 1777 1453 1838 excep-

220 1847 284 1906 tus.
333 1841 428 1905 Idem
455 1849 488 1906 et
515 1842 592 1908 alibi
620 1844 701 1907 mihi
729 1843 866 1925 contigit
895 1842 949 1906 ubi
979 1851 1054 1906 ante
1082 1840 1259 1906 adventum
1290 1842 1454 1906 neminem

220 1948 465 2010 praecursorem
494 1927 681 2008 habueram,
704 1931 812 2002 Ionae,
837 1927 1001 2011 Friburgi,
1024 1928 1162 2003 Rornae,
1186 1928 1305 2005 Turici,
1329 1935 1363 1991 et
1384 1947 1454 1990 ma-

220 2013 309 2077 xime
327 2014 361 2077 in
381 2013 541 2077 ditissime
560 2014 616 2078 illa
634 2014 850 2099 Stuttgardia,
873 2013 927 2078 ubi
948 2035 1033 2078 anno
1054 2014 1174 2079 abhinc
1192 2014 1317 2079 decimo
1340 2013 1454 2095 quinto

220 2100 326 2164 coetui
348 2098 585 2182 philologorum
609 2101 791 2184 adscriptus
813 2100 881 2164 dies
905 2099 1053 2164 dulcibus
1080 2099 1245 2181 doctisque
1275 2099 1454 2164 amicorum

220 2185 548 2263 confabulationibus,
582 2194 692 2252 noctes
725 2184 931 2252 conferendis
962 2192 995 2249 et
1027 2185 1240 2269 excerpendis
1273 2184 1454 2249 editionum

218 2269 412 2337 lectionibus
436 2271 551 2337 dicavi.

303 2356 411 2421 Hodie
434 2356 569 2434 adsunt,
593 2378 635 2421 ne
658 2366 780 2421 temere
804 2357 935 2440 gloriari
958 2357 1079 2435 videar,
1103 2358 1139 2421 in
1162 2355 1358 2422 bibliotheca
1380 2376 1455 2420 mea

218 2442 490 2508 editionem.
511 2464 558 2526 gr.
581 2442 839 2525 quadringentae
860 2443 1027 2526 octoginta
1049 2451 1189 2526 quatuor
1210 2444 1297 2506 inter
1319 2463 1353 2506 se
1377 2463 1454 2506 vere

219 2524 375 2607 diversae,
404 2534 572 2611 praeterea
594 2529 774 2612 nonaginta
798 2538 869 2593 octo
898 2529 992 2594 titulo
1019 2529 1086 2594 solo
1112 2536 1268 2593 renovato
1296 2527 1453 2604 variatae,

218 2636 356 2697 quarum
375 2635 504 2679 summe
523 2615 664 2680 efficitur
683 2614 937 2696 quingentarum
955 2616 1121 2698 octoginta
1142 2621 1176 2679 et
1193 2613 1340 2678 duarum.
1377 2614 1454 2694 Ipse

217 2701 375 2784 plurimas
397 2701 432 2764 in
456 2700 528 2764 aliis
550 2700 794 2766 collectionibus
817 2701 998 2765 accuratius
1016 2701 1201 2765 examinavi
1221 2721 1238 2763 e
1256 2700 1373 2781 quibus
1390 2698 1453 2764 hoo

219 2786 422 2852 lancearum
446 2787 760 2851 tantumrationem
784 2785 904 2850 habere
935 2807 994 2868 par
1015 2794 1066 2850 est
1093 2807 1174 2868 quas
1203 2784 1349 2849 nondum
1377 2806 1452 2867 pos-

219 2870 317 2938 sideo.
364 2871 512 2952 Quarum
531 2894 688 2937 numerus
711 2879 761 2936 est
783 2872 900 2954 prioris
922 2872 1053 2955 generis
1074 2870 1293 2954 quadraginta
1314 2879 1347 2933 et
1368 2877 1452 2946 octo,

219 2959 408 3040 posterioris
441 2957 625 3024 octodecim.
678 2957 849 3023 Accedunt
880 2957 1096 3040 paucissimae
1129 2979 1268 3039 quarum
1301 2957 1453 3021 notitiam

189 3044 191 3048 '
218 3065 285 3108 non
307 3044 435 3108 nisiex
458 3044 637 3107 amicorum
660 3044 788 3109 schedis
810 3043 915 3118 hausi,
946 3043 1087 3125 quinque
1116 3052 1149 3108 et
1175 3050 1324 3124 quatuor.
1370 3040 1452 3121 Om-

219 3131 310 3195 nium
332 3130 437 3212 igitur
458 3151 538 3212 quas
559 3130 679 3212 absque
703 3129 823 3195 erroris
844 3129 989 3212 periculo
1012 3130 1194 3195 describere
1217 3129 1306 3210 potui
1324 3147 1453 3192 summa

219 3224 269 3280 est
291 3216 547 3299 quingentarum
568 3215 705 3299 triginta
735 3223 768 3280 et
796 3226 921 3297 septem
950 3223 1080 3297 praeter
1109 3223 1243 3295 centum
1272 3220 1306 3279 et
1333 3213 1452 3296 viginti

218 3322 305 3367 novo
325 3302 421 3366 titulo
442 3302 586 3366 iteratas.
633 3300 727 3381 Quae
750 3301 789 3366 ad
814 3302 900 3366 huno
922 3301 1008 3366 diem
1037 3301 1146 3366 oculos
1178 3323 1268 3366 meos
1295 3300 1454 3383 fugerunt

220 3386 261 3452 ab
282 3388 354 3452 aliis
375 3387 535 3464 laudatae,
559 3389 586 3451 si
608 3387 738 3469 quidem
761 3407 874 3452 curuos
897 3407 975 3452 vere
992 3387 1189 3464 exstiterint,
1213 3386 1253 3451 ad
1272 3385 1453 3468 plurimum

220 3480 297 3539 sunt
314 3474 557 3557 quinquaginta.
597 3472 726 3553 Quibus
744 3480 855 3536 tamen
872 3473 982 3553 plures
1001 3471 1168 3537 addendae
1187 3482 1285 3537 erunt
1303 3473 1365 3536 hoc
1382 3490 1452 3534 sae·

219 3558 292 3624 aulo
320 3560 354 3623 in
385 3559 559 3625 Britannia
588 3571 621 3622 et
647 3559 801 3624 Amerina
829 3559 1017 3642 evulgatae,
1049 3559 1105 3623 ubi
1135 3558 1274 3642 singulis
1302 3557 1398 3621 annis
1417 3556 1453 3620 in

220 3667 316 3709 usum
339 3644 524 3710 scholarum
547 3645 704 3726 repetitae
733 3644 940 3709 excuduntur
967 3645 1002 3708 in
1024 3644 1145 3709 nostris
1172 3645 1268 3708 terris
1297 3665 1338 3708 ne
1366 3643 1454 3706 fama

219 3730 348 3813 quidem
382 3732 539 3814 cognitae.
598 3731 722 3794 Verum
742 3739 784 3793 ct
811 3729 846 3793 in
873 3730 933 3796 hac
962 3731 1045 3795 serie
1067 3731 1179 3813 copiae
1208 3750 1300 3794 meae
1323 3729 1390 3793 iam
1412 3725 1454 3791 ad

220 3817 470 3899 amplitudinem
493 3817 591 3881 talem
614 3822 832 3880 excreverunt
853 3817 942 3897 quali
967 3823 1063 3880 extra
1085 3817 1269 3900 Anglorum
1292 3816 1375 3880 fines
1395 3833 1452 3877 ne-

219 3903 342 3968 minem
366 3903 507 3988 gaudere
530 3903 669 3968 fidenter
691 3902 896 3966 asseruerim.

406 4114 471 4195 §t
518 4108 644 4190 QUAE
669 4104 921 4173 EDITIONES
944 4105 1276 4174 NUMERENTUR.

307 4248 418 4329 Quum
440 4246 523 4311 mihi
545 4246 744 4328 propositum
771 4246 813 4309 sit
830 4245 1015 4328 catalogum
1033 4245 1211 4310 editionum
1229 4244 1269 4308 N.
1290 4245 1326 4308 Τ.
1346 4242 1455 4325 graeci

222 4357 320 4417 quam
343 4333 620 4400 absolutissimum
639 4331 802 4413 potuerim
823 4330 987 4408 exhibere,
1012 4338 1089 4396 autc
1107 4330 1216 4395 omnia
1234 4329 1455 4394 definiendum

222 4421 286 4486 erit
307 4420 442 4501 quinam
465 4419 540 4484 libri
567 4419 604 4482 in
631 4416 810 4482 editionum
833 4438 968 4482 numero
991 4417 1153 4482 recenseri
1174 4415 1324 4483 debeant.
1369 4415 1455 4479 Nam

224 4513 353 4589 practer
371 4526 425 4570 eos
444 4506 500 4588 qui
517 4506 683 4588 integrum
702 4523 859 4568 canonem
878 4503 1054 4582 continent,
1072 4503 1158 4569 varii
1175 4501 1306 4587 generis
1324 4508 1456 4566 exstant

224 4591 279 4658 alii
307 4591 363 4674 qui
393 4600 521 4673 partem
553 4598 682 4654 tantum
710 4589 794 4655 sacri
827 4589 944 4655 codicis
978 4589 1138 4668 referunt,
1172 4589 1267 4654 modo
1300 4588 1456 4654 maiorem
