3016 5018
615 194 899 259 immensam.
1351 210 1370 270 3

135 398 156 442 a
177 396 232 440 me
253 376 418 458 inspectis,
441 375 546 441 altera
562 397 649 456 vero,
672 397 768 458 quam
787 374 947 458 hodieque
965 375 1135 459 vulgarem
1155 382 1189 440 et
1205 381 1371 459 receptam

136 461 258 542 dieunt,
281 467 413 526 tantum
433 463 469 525 in
491 468 622 528 centum
643 462 861 546 quadraginta
882 467 915 525 et
942 460 1074 526 duabus.
1120 462 1197 527 Alie
1225 463 1305 542 loco,
1335 464 1372 527 in

134 549 197 631 Ilp.
221 546 330 613 Iacobi
355 551 383 626 5,
410 552 447 610 12
472 548 643 613 lectionem
669 549 746 612 olim
773 568 793 611 a
819 548 908 611 Beza
935 545 1197 612 commendatam
1219 556 1252 612 et
1279 549 1371 614 dein·

135 655 212 717 ceps
229 654 250 698 a
267 634 420 717 plurimis
438 642 601 700 servatam
624 632 696 717 (ὑπὸ
712 633 825 719 κρίσιν)
851 632 1086 698 Griesbachius
1104 654 1231 717 quoque
1248 635 1373 717 recepit

136 720 414 802 adstipulantibus
442 721 579 799 nostris,
612 721 668 801 qui
702 741 801 802 quum
829 720 865 782 in
892 719 1085 802 vulgaribus
1111 718 1204 784 libris
1234 720 1369 785 eandem

135 806 334 888 scripturam
355 806 552 885 invenirent,
581 806 623 870 ad
644 807 828 890 marginem
856 805 991 869 alterius
1018 806 1217 870 mentionem
1244 805 1372 871 nullam

134 892 293 971 fecerunt,
316 912 512 975 quamquam
534 893 568 956 in
591 899 722 957 centum
741 891 981 974 quinquaginta
1003 898 1036 954 et
1057 892 1199 974 quinque
1221 892 1371 957 editioni-

135 977 197 1043 bus
220 977 581 1043 ante-Griesbachianis
603 978 765 1043 scribatur
787 979 830 1051 εἰς
845 975 1013 1061 ὑπόκρισιν,
1036 997 1134 1060 quam
1158 998 1236 1042 sane
1258 978 1370 1043 lectio-

135 1084 213 1128 nem
235 1083 304 1128 neu
325 1065 436 1128 minus
458 1085 536 1129 vere
559 1070 593 1128 et
614 1062 780 1128 commode
805 1071 970 1145 receptam
999 1062 1122 1127 dixeris
1152 1084 1251 1145 quam
1278 1064 1371 1129 illam

135 1148 233 1214 modo
255 1171 296 1214 ex
319 1149 455 1232 epistola
475 1149 516 1214 ad
538 1150 707 1214 Romanos
729 1149 875 1214 allatam!
909 1148 1060 1213 Plurima
1078 1149 1222 1214 eiusdem
1241 1150 1371 1233 generis

134 1232 275 1319 proferri
296 1235 350 1300 hic
373 1242 514 1317 possent,
537 1256 620 1317 quae
642 1235 757 1299 utilius
779 1235 848 1300 suis
875 1234 954 1299 locis
984 1255 1199 1314 reservamus,
1228 1236 1371 1301 maxime

135 1341 217 1404 quas
245 1341 288 1385 ex
314 1321 441 1386 cellatis
469 1319 689 1403 Stephanicae
718 1328 752 1385 et
780 1321 933 1386 Beaanae
967 1321 1079 1404 stirpis
1106 1321 1198 1386 libris
1226 1322 1371 1387 aemulas

134 1407 290 1472 lectiones
309 1407 409 1472 simili
428 1408 604 1472 tenacitate
622 1408 664 1471 ad
682 1428 742 1472 nos
759 1407 948 1489 pervenisse
965 1405 1099 1473 videbis.
1138 1405 1228 1472 Sunt
1247 1407 1372 1489 aliquot

134 1493 197 1558 loci
226 1493 261 1557 in
290 1492 407 1576 quibus
435 1512 519 1576 quae
546 1494 590 1558 sit
616 1498 737 1573 recepta
761 1493 857 1559 lectio
890 1492 945 1557 uel
972 1492 1207 1557 audacissimus
1240 1494 1371 1559 criticus

135 1577 243 1644 dicere
266 1587 392 1645 recuset
421 1579 450 1643 si
478 1580 590 1661 sapiat,
619 1580 739 1662 quippe
767 1599 906 1661 quorum
933 1580 1096 1659 scriptura
1122 1579 1190 1642 fere
1218 1578 1370 1661 quotidie,

134 1674 173 1730 ut
198 1665 246 1730 ita
276 1665 391 1741 dicam,
425 1665 524 1730 etiam
556 1665 592 1728 in
625 1664 822 1730 editionibus
855 1665 955 1729 unius
987 1664 1195 1746 eiusdemque
1227 1665 1372 1730 familiae

133 1836 334 1919 temporibus
356 1836 452 1900 modo
474 1841 583 1917 priter
605 1837 700 1901 modo
722 1839 821 1916 μεῖζον
843 1837 942 1920 leges,
965 1835 1105 1900 Philem.
1127 1842 1142 1897 7
1164 1858 1252 1902 nunc
1270 1836 1370 1922 χάριν,

133 1943 222 1988 nune
254 1921 358 2008 χαράν,
390 1923 472 1987 Luc.
506 1928 554 2001 10,
588 1925 628 1983 22
657 1927 708 1985 nal
739 1927 881 2007 στραφεὶς
901 1920 976 2007 πρὸς
992 1921 1060 1995 τούς
1074 1919 1213 2002 μαθητάς
1235 1923 1276 1987 ab
1298 1923 1370 1988 aliis

134 2007 276 2088 additur,
299 2008 339 2073 ab
362 2008 436 2072 aliis
457 2007 628 2089 emittitur,
656 2010 703 2073 ita
725 2016 764 2073 ut
785 2009 882 2073 multi
902 2008 980 2073 libri
1007 2009 1070 2073 hec
1096 2030 1161 2073 uno
1188 2009 1259 2074 lece
1287 2031 1307 2074 a
1335 2029 1370 2075 se

133 2095 276 2162 invicem
298 2093 492 2177 discrepent.

222 2179 290 2246 Sed
322 2181 404 2245 haee
435 2181 567 2246 levioris
599 2180 765 2244 momenti.
814 2179 921 2245 Multo
953 2180 1060 2263 magis
1093 2179 1276 2259 dolendum,
1310 2201 1371 2264 per

135 2265 275 2332 eandem
296 2267 513 2332 recentiorum
534 2266 704 2345 isauriam,
733 2266 770 2329 in
792 2266 894 2330 semel
915 2267 1044 2330 traditis
1067 2267 1271 2350 negligenter
1293 2267 1370 2331 sub·

136 2353 332 2432 sistentium,
355 2352 498 2435 plurium
520 2354 667 2418 uirorum
691 2351 868 2429 deuterum,
897 2353 952 2434 qui
981 2352 1148 2434 superiore
1174 2352 1302 2418 saecule
1330 2352 1369 2417 de

135 2461 173 2503 re
201 2440 313 2503 critica
342 2439 424 2504 bene
451 2444 652 2516 meruerunt,
680 2438 793 2502 laudes
818 2437 954 2520 indigne
982 2439 1126 2520 periisse.
1177 2440 1287 2520 Atque
1315 2438 1369 2504 hie

134 2546 204 2590 non
227 2524 267 2590 de
288 2525 394 2589 Millie
416 2525 575 2609 Bengelie
596 2524 825 2590 Wetstcniove
854 2525 970 2606 loquer
998 2522 1114 2607 quibus
1141 2526 1245 2588 nostri
1273 2545 1369 2588 suum

135 2609 235 2676 decus
255 2611 391 2675 minime
412 2610 625 2694 denegarunt.
677 2610 804 2674 Verum
828 2609 883 2674 alii
906 2618 990 2685 suut,
1014 2611 1157 2673 maxime
1178 2609 1290 2694 Angli,
1313 2610 1369 2692 qui

135 2697 250 2761 multis
279 2706 356 2762 ante
384 2697 638 2762 Gricsbachium
669 2697 765 2760 annis
794 2703 924 2759 textum
953 2695 1039 2760 Novi
1069 2697 1270 2760 Testamenti
1300 2695 1369 2759 edi·

136 2782 255 2847 derunt
284 2783 338 2849 vel
365 2784 435 2865 ipso
464 2781 721 2848 Gricsbacbiano
749 2803 791 2846 ex
819 2788 911 2864 parte
940 2781 1205 2863 emendatiorem,
1228 2800 1369 2863 querum

136 2875 248 2932 tamen
279 2870 413 2934 nemina
446 2879 479 2932 ct
510 2870 628 2933 merita
656 2868 841 2934 deotissime
870 2874 982 2931 nostra
1011 2867 1194 2932 Germania
1221 2867 1366 2950 ignorati

136 2951 272 3020 Scilicet
299 2977 364 3019 nen
395 2975 533 3036 semper,
567 2976 650 3036 quac
683 2954 788 3018 Taciti
820 2953 984 3018 sententia
1015 2954 1131 3032 fuerat,
1165 2961 1279 3018 veteru
1312 2975 1368 3018 cx·

135 3040 281 3105 tollimus
295 3042 474 3106 recentium
489 3040 661 3119 incuriosi;
680 3041 808 3123 saepius
828 3040 923 3103 etiam
944 3047 1091 3104 veterum
1110 3039 1202 3103 obliti
1220 3047 1369 3104 nostruin

134 3125 283 3209 ipserum
305 3126 519 3192 curiosissimi
539 3147 654 3191 sumus
679 3137 712 3190 ct
733 3126 869 3189 meliora
890 3126 947 3188 illa
969 3125 1085 3206 quibus
1107 3148 1197 3190 nunc
1217 3127 1368 3189 facillime

133 3212 261 3276 utimur
281 3214 372 3294 quasi
390 3214 519 3277 noviter
535 3221 665 3294 reperta
682 3233 790 3276 coram
808 3210 984 3294 plaudente
1002 3232 1121 3276 corona
1139 3210 1367 3289 declamantes,

133 3297 299 3362 immerito
322 3320 376 3363 eos
403 3299 601 3382 negligimus
632 3299 688 3380 qui
715 3298 841 3381 pridem
868 3298 981 3361 eadem
1010 3298 1067 3362 via
1096 3298 1237 3380 ingrcssi
1265 3298 1367 3361 multo

134 3385 257 3448 maiore
284 3384 393 3449 labere
423 3392 456 3448 et
483 3385 700 3449 renitentibus
732 3384 913 3448 coaetaneis
946 3405 1011 3448 non
1043 3383 1217 3446 infeliciter
1248 3383 1368 3447 similia

133 3475 315 3534 tentarunt,
375 3469 443 3536 Sed
470 3470 543 3552 quis
570 3471 709 3534 miretur
734 3469 911 3533 Wellsium
940 3491 982 3533 ex
1011 3469 1179 3533 hominum
1210 3470 1368 3532 momoria

134 3555 310 3634 excidisse,
350 3578 450 3638 quum
483 3558 549 3620 iam
580 3556 684 3638 ipsius
717 3554 924 3620 Griesbachii
956 3556 1042 3618 fama
1074 3554 1217 3636 palleat?
1284 3553 1367 3634 Quis

134 3641 237 3706 Macii
264 3640 372 3706 studia
399 3651 437 3705 ut
464 3642 542 3705 olim
569 3641 696 3705 invidia
723 3640 949 3724 theologorum
979 3641 1025 3706 sie
1054 3641 1151 3704 hodie
1178 3639 1367 3705 criticorum

135 3724 298 3792 oblivione
320 3727 462 3810 sepulta,
486 3747 587 3809 quum
611 3748 687 3791 suos
709 3748 884 3807 praecones
906 3749 947 3791 ne
970 3733 1040 3790 tum
1063 3724 1192 3809 quidem
1215 3725 1368 3790 habuerit

135 3832 237 3894 quum
258 3814 292 3877 in
314 3813 401 3878 vivis
423 3812 530 3877 esset?
576 3811 659 3892 Quis
685 3812 919 3877 Harweedium
945 3811 1088 3876 nobilem
1117 3812 1229 3895 magni
1257 3811 1367 3876 Lach-

134 3899 247 3961 manni
265 3920 512 3980 praecursorem
529 3919 570 3962 ne
589 3898 693 3962 obiter
710 3897 841 3980 quidem
859 3921 879 3962 a
897 3900 1017 3963 nestris
1035 3899 1135 3981 tangi,
1157 3917 1237 3961 suae
1258 3898 1367 3979 potius

134 3983 280 4065 ipsorum
301 3984 408 4048 laudis
429 3984 595 4049 canendae
618 3982 793 4048 studiosis?

221 4070 334 4135 Etiam
355 4091 437 4152 quae
459 4092 518 4154 per
540 4070 649 4151 priora
670 4069 733 4133 duo
754 4069 881 4133 saecula
910 4075 984 4151 post
1003 4069 1179 4151 impressas
1209 4068 1367 4132 editiones

135 4155 300 4239 principes
321 4156 432 4239 elapsa
452 4157 599 4222 uirorum
623 4153 792 4219 doctorum
821 4176 918 4219 curae
940 4156 1074 4219 fuerunt
1099 4155 1134 4218 in
1163 4152 1366 4217 emendando

134 4248 232 4306 textu
255 4244 389 4325 positae,
417 4243 456 4306 iis
484 4241 648 4306 immerite
678 4241 816 4324 gloriam
843 4262 936 4305 suam
964 4241 1055 4324 quasi
1082 4240 1179 4304 nimis
1208 4238 1366 4302 debilibus

134 4335 167 4392 et
195 4329 329 4393 omnine
357 4326 602 4394 contemnendis
630 4325 771 4405 detrahi,
805 4332 844 4390 ut
869 4327 971 4410 vulgo
998 4328 1050 4403 fit,
1079 4325 1224 4389 narratio
1253 4334 1367 4387 nostra

134 4412 271 4480 docebit.
315 4414 391 4479 Non
413 4413 501 4478 enim
529 4435 567 4477 ea
596 4420 725 4476 tantum
753 4413 788 4475 in
818 4413 1077 4476 aestimationem
1104 4412 1219 4475 venire
1248 4410 1367 4476 debent

134 4520 217 4583 quae
237 4501 336 4583 prisci
357 4500 407 4564 illi
428 4498 567 4564 editores
590 4519 703 4581 reapse
725 4499 962 4580 praestiterunt
980 4499 1015 4561 in
1033 4495 1179 4562 textibus
1200 4495 1268 4562 suis
1289 4517 1366 4561 con-

134 4586 320 4666 stituendis,
350 4606 434 4669 quas
456 4604 534 4650 sane
563 4584 591 4651 si
620 4585 662 4649 ad
691 4591 822 4650 nostrae
850 4584 1003 4650 scientiae
1030 4582 1191 4648 rationem
1217 4583 1366 4666 exegeris

1127 4684 1162 4738 ψ
