3016 5018
213 185 232 246 a
686 174 970 233 emaculatus.

211 352 305 419 Inter
337 362 422 434 quos·
449 349 635 415 nominasse
668 348 808 421 sufficiat
839 348 1018 432 Augustini
1043 347 1184 414 Galmeti
1215 346 1446 413 bibliothecam

211 438 364 506 biblicam
386 441 500 518 quarto
523 442 610 499 torno
632 435 728 500 lexiei
750 434 984 515 archaeolcgici
1006 434 1173 512 insertam,
1196 435 1222 498 Ι.
1241 434 1283 500 G.
1299 434 1447 500 Walchii

211 523 442 592 bibliothecam
464 521 682 603 theologicam
700 519 853 585 selectam
872 522 908 585 Τ.
922 520 982 585 IV.
1002 541 1031 602 p.
1056 525 1187 600 14-46,
1211 520 1290 585 satis
1309 518 1448 584 divitem

212 611 250 676 in
271 610 333 674 hac
355 617 447 690 parte
469 606 523 672 sed
548 607 662 671 multis
684 607 847 672 erroribus
869 606 1048 683 foedatam,
1065 612 1237 688 utramque
1256 606 1362 671 nudos
1379 607 1448 671 fere

213 696 371 763 librorum
384 694 496 758 titulos
507 692 715 757 exhibentem
723 716 731 772 3
749 713 848 776 porro
863 693 943 758 Ern.
955 692 1047 757 Frid.
1060 691 1135 759 (lar.
1148 693 1447 771 Rosenmttllerum,

215 782 327 864 quiin
349 801 446 861 opere
467 777 723 862 bibliographieo
748 777 924 845 Hondbucb
945 780 1001 844 der
1023 778 1186 844 Literatar
1207 778 1449 844 derbt'blt'cthea

214 867 326 935 Kritit
353 865 420 930 aad
448 864 586 947 Exegere
615 864 741 948 (Goctt.
774 869 863 928 1797.
892 866 928 929 Τ.
951 865 977 928 I.
1007 886 1037 947 p.
1062 864 1256 946 tta-tta)
1284 871 1360 946 post
1384 864 1449 929 alia

214 952 373 1018 editiones
384 951 424 1015 N.
438 952 474 1015 Τ.
495 972 628 1034 graecas
646 951 812 1016 recensuit
828 950 888 1015 uix
907 949 997 1014 aliud
1016 970 1117 1034 agens
1138 971 1237 1032 quam
1255 957 1292 1014 ut
1306 951 1450 1016 Masehii

214 1037 433 1104 eruditionem
454 1045 659 1123 'recoqueret
689 1057 786 1118 quem
808 1043 919 1099 tamen
940 1057 1046 1117 neque
1068 1043 1182 1113 totum,
1213 1057 1319 1117 neque
1346 1035 1402 1100 ubi
1431 1058 1449 1101 e

214 1147 251 1191 re
280 1124 378 1188 fuerit
405 1121 614 1186 emendatum
642 1122 713 1186 suis
742 1120 869 1187 schedis
896 1121 1044 1186 inseruit.
1095 1122 1207 1186 Etiam
1230 1121 1333 1187 Gottl.
1357 1120 1447 1187 Guil.

214 1209 345 1293 Meyeri
373 1209 512 1273 historia
539 1208 817 1290 interpretationis
847 1205 881 1274 S.
910 1205 945 1272 S.
980 1207 1167 1290 germanice
1199 1207 1384 1289 conscripta
1416 1215 1451 1273 et

216 1296 413 1378 Goettingeo
435 1316 463 1360 a.
490 1296 570 1356 1802
594 1315 635 1358 ss.
657 1293 800 1375 quinque
822 1294 919 1357 tomis
941 1293 1042 1372 edita,
1064 1292 1313 1375 praecipuarum
1335 1314 1449 1359 recen-

216 1382 344 1449 sionum
365 1380 405 1445 N.
430 1381 465 1445 Τ.
489 1379 642 1443 notitiam
662 1380 798 1461 praebet
824 1378 882 1444 sed
908 1381 975 1445 fere
997 1400 1036 1443 ea
1055 1387 1184 1443 tantum
1206 1379 1340 1462 attingit
1366 1399 1450 1460 quae

216 1476 250 1533 et
281 1465 425 1549 alioquin
458 1465 628 1530 tritissima
656 1472 735 1529 sunt
764 1464 901 1530 minoris
933 1465 1091 1530 momenti
1129 1465 1243 1546 opellis
1283 1465 1449 1548 neglectis.

216 1555 310 1618 Inter
331 1559 463 1617 exteros
486 1552 544 1630 qui
569 1557 715 1615 nostram
741 1552 946 1634 provinciam
975 1549 1218 1633 perlustrarent
1244 1551 1338 1615 facile
1366 1550 1451 1616 cele·

215 1638 380 1705 berrimue
408 1643 458 1702 est
485 1636 628 1702 Thomas
649 1636 808 1720 Frognall
836 1635 962 1702 Dibdin
988 1636 1127 1720 Anglus,
1154 1636 1189 1700 in
1217 1638 1310 1702 cuius
1338 1659 1449 1720 opere:

217 1725 272 1792 An
300 1723 506 1789 introductori
532 1727 562 1787 to
589 1722 638 1787 tte
664 1723 840 1805 dnowledqe
868 1723 904 1804 of
920 1744 993 1788 aare
1014 1724 1078 1787 aad
1099 1722 1244 1788 oduoble
1265 1723 1398 1789 editions
1419 1723 1456 1804 of

214 1831 261 1896 qr.
290 1811 355 1875 aad
382 1809 435 1874 tat.
465 1808 600 1887 classico,
625 1807 760 1892 pobjplot
785 1809 888 1888 biblos,
911 1808 958 1872 ibe
981 1807 1164 1892 Septuagint
1184 1809 1249 1872 ond
1271 1808 1313 1873 N.
1339 1809 1375 1873 Τ.
1399 1814 1451 1874 eto.

218 1896 315 1960 tertia
336 1895 410 1959 viee
430 1893 575 1960 Londini
600 1898 690 1958 1808.
737 1896 754 1954 7
776 1896 874 1958 tomis
896 1893 991 1970 edito,
1015 1894 1170 1960 scientiae
1191 1917 1284 1960 meae
1306 1895 1452 1960 defectus

218 1980 388 2064 splendide
406 1980 575 2061 expletum
597 1979 638 2043 iri
660 2000 878 2062 speraveram.
923 1980 1049 2046 Verum
1068 2000 1134 2044 non
1153 1981 1223 2045 sine
1241 1980 1350 2045 dolore
1367 1979 1452 2044 libro

217 2069 363 2149 inspecto
385 2064 516 2131 laudem
538 2066 568 2129 ei
590 2066 710 2148 absque
732 2067 850 2131 merito
877 2067 1016 2150 irrogari
1045 2067 1187 2148 comperi
1214 2067 1334 2149 quippe
1359 2066 1452 2131 cuius

218 2163 340 2231 auctor,
367 2152 404 2216 in
426 2152 487 2217 hae
510 2151 626 2216 saltem
648 2158 750 2234 parte,
779 2153 838 2218 vix
865 2152 955 2217 aliud
983 2152 1045 2216 sibi
1072 2153 1328 2235 praesumpserit
1352 2173 1451 2234 quam

217 2244 256 2305 ut
275 2238 464 2304 Meschium
491 2258 566 2302 cum
595 2238 746 2302 omnibus
771 2239 838 2303 suis
867 2238 959 2303 uitiis
987 2245 1022 2302 et
1048 2237 1214 2302 erroribus
1243 2237 1451 2317 describeret,

217 2325 265 2390 ita
287 2322 418 2406 quidem
440 2330 478 2387 ut
502 2323 557 2388 vel
585 2322 625 2388 de
654 2321 853 2389 editionibus
879 2325 914 2388 in
941 2324 1119 2388 Britannia
1143 2323 1313 2407 impressis
1341 2324 1454 2389 minus

219 2417 368 2478 accurate
390 2408 511 2473 dixerit
534 2416 566 2473 et
588 2409 718 2490 saepius
740 2410 839 2474 etiam
861 2409 994 2475 omnino
1017 2410 1153 2475 siluerit.

303 2494 456 2561 Editores
478 2501 589 2558 textus
610 2494 714 2576 ipsius
736 2503 810 2577 post
831 2496 974 2560 Millinm
996 2495 1128 2579 plurimi
1154 2496 1299 2561 eiusdem
1322 2495 1453 2580 generis

218 2582 383 2665 catalogos
405 2581 473 2646 suis
495 2580 733 2664 prolegomenis
750 2581 962 2646 inseruerunt
983 2602 1105 2664 eosque
1127 2581 1208 2647 tales
1229 2589 1268 2646 ut
1288 2582 1322 2646 id
1343 2582 1452 2664 ipsum

217 2668 362 2733 maxime
383 2667 584 2749 respicerent
604 2665 690 2747 quod
712 2673 746 2731 et
767 2668 862 2733 nobis
880 2668 1091 2750 praecipuum
1108 2668 1181 2746 fuit,
1204 2668 1330 2733 scilicet
1349 2668 1453 2750 scrip-

217 2760 312 2819 turae
334 2773 470 2837 graecae
503 2752 801 2819 conformationem.
855 2754 950 2818 Inter
982 2774 1063 2837 quos
1091 2775 1169 2835 prae
1198 2753 1336 2820 caeteris
1365 2775 1453 2819 eom-

218 2839 337 2905 mendo
366 2839 589 2903 Wetstenium
622 2839 715 2903 cuius
746 2839 974 2922 prolegomena
1012 2839 1113 2904 etiam
1150 2842 1325 2923 separatim
1366 2838 1454 2904 edita

219 2931 297 2992 sunt
314 2944 388 2988 cum
407 2924 638 2989 additamentis
655 2925 680 2989 I.
704 2923 739 2990 S.
760 2923 900 2992 Semleri
919 2926 1010 3008 (Hal.
1035 2925 1139 3006 1764),
1162 2934 1233 2989 tum
1256 2925 1453 3008 Bengelium

219 3012 311 3079 cuius
344 3019 520 3092 apparatus
553 3010 685 3076 criticus
718 3033 777 3076 suo
806 3011 874 3077 loco
901 3011 1103 3088 laudabitur,
1136 3012 1224 3076 inter
1255 3012 1455 3078 recentiores

219 3117 298 3163 vero
317 3095 554 3162 Tisohcndorfii
573 3096 749 3160 editionem
768 3097 988 3162 novissimam.
1035 3096 1100 3177 Qui
1120 3104 1231 3162 tamen
1249 3119 1363 3162 omnes
1384 3117 1455 3162 non

220 3183 254 3247 id
277 3182 418 3266 agebant
439 3188 476 3246 ut
497 3183 645 3246 omnium
668 3182 848 3247 editionum
866 3205 948 3266 quae
966 3204 1112 3265 unquam
1129 3184 1253 3249 fuerint
1270 3183 1454 3248 absolutam

221 3268 339 3337 seriem
368 3274 584 3346 recenserent,
616 3268 673 3333 sed
701 3269 892 3352 praecipuas
921 3277 1049 3334 tantum
1078 3277 1111 3334 et
1132 3270 1167 3333 in
1190 3268 1384 3335 enarrandis
1405 3270 1454 3334 rei

221 3355 352 3420 criticae
373 3355 449 3418 fatis
471 3375 540 3418 non
561 3354 815 3438 praetereundas
837 3356 986 3437 pluribus
1008 3362 1203 3421 tractarunt.

306 3439 399 3505 Idem
422 3439 461 3504 de
483 3440 510 3504 I.
533 3439 560 3504 Ι.
584 3440 797 3506 Griesbachio
819 3440 992 3507 dicendum
1020 3442 1112 3507 cuius
1141 3447 1252 3507 exstat
1278 3441 1456 3526 singularis

121 3549 124 3553 ’
220 3525 351 3592 libellus
373 3525 413 3589 de
430 3525 471 3590 N.
490 3527 527 3590 Τ.
551 3526 660 3609 graeci
678 3525 885 3605 editionibus,
910 3528 1012 3592 Temo
1029 3526 1074 3591 ΙΙ.
1092 3528 1200 3593 Musei
1218 3527 1352 3611 Hagani
1375 3532 1453 3589 1777

221 3613 364 3677 insertus
386 3633 482 3693 quem
505 3612 567 3677 hoo
593 3611 663 3677 loco
690 3611 763 3676 ideo
784 3619 913 3677 tantum
936 3612 1071 3696 adtingo
1092 3635 1135 3678 ne
1156 3615 1298 3679 iniustae
1320 3613 1455 3679 oblivio·

222 3698 275 3763 nis
300 3698 423 3762 crimen
453 3697 627 3762 incurram.
672 3699 722 3763 Eo
750 3698 837 3762 enim
867 3698 1002 3763 minime
1029 3700 1216 3764 continetur
1241 3700 1359 3764 notitia
1387 3699 1457 3764 edi·

221 3783 349 3848 tionum
377 3782 641 3867 bibliographica,
670 3783 727 3848 sed
753 3783 862 3864 potius
890 3785 1072 3850 oraticnem
1100 3807 1160 3868 pro
1187 3786 1282 3850 domo
1309 3785 1457 3853 habitam

223 3868 346 3934 dixeris
373 3890 438 3951 qua
464 3891 551 3935 nova
578 3891 638 3934 sua
665 3868 844 3952 multisque
873 3878 1024 3953 suspecta
1056 3872 1168 3937 critica
1198 3873 1371 3938 conamina
1398 3892 1456 3936 ex·

223 3955 339 4037 emplis
362 3956 402 4020 ab
425 3955 661 4038 antiquioribus
683 3956 832 4040 repetitis
854 3955 1027 4022 defendere
1057 3957 1183 4023 studuit
1208 3958 1272 4022 Vir
1300 3958 1455 4023 illustris·

221 4062 332 4108 simus.

309 4125 503 4209 Sequuntur
523 4148 622 4206 nune,
650 4150 692 4193 ne
716 4128 768 4192 vel
796 4128 931 4193 minoris
958 4131 1114 4194 momenti
1142 4131 1369 4197 recensionem
1399 4130 1456 4197 ob-

222 4213 302 4278 litus
331 4233 401 4278 esse
429 4212 555 4291 videar,
584 4213 749 4297 praecipui
777 4214 934 4279 librorum
961 4214 1199 4300 isagogicorum
1226 4237 1307 4298 quos
1335 4222 1457 4281 vocant

223 4299 411 4380 scriptores,
434 4319 572 4381 quorum
595 4299 706 4366 nullus
727 4321 807 4364 sane
829 4307 932 4365 totam
954 4312 1088 4367 nostrae
1110 4302 1325 4368 bibliothecae
1347 4302 1455 4385 supel-

222 4384 366 4449 lectilem
388 4385 557 4449 adstruere
579 4385 641 4449 sibi
664 4386 812 4466 sumpsit,
842 4395 876 4451 at
899 4389 1121 4471 unusquisque
1150 4389 1186 4452 in
1214 4389 1256 4454 iis
1283 4410 1364 4471 quae
1394 4388 1456 4470 ipsi

224 4470 360 4535 dicenda
381 4469 577 4536 videbantur
598 4492 665 4535 non
692 4472 755 4535 nisi
782 4493 861 4537 vera
887 4479 920 4539 et
949 4484 1101 4563 accurata
1129 4496 1279 4559 promere
1308 4473 1455 4538 debebat.

223 4554 350 4621 Verum
379 4556 489 4623 hercle
517 4556 614 4640 longe
639 4556 731 4623 abest
759 4557 836 4641 quin
866 4580 907 4624 ex
934 4559 976 4624 iis
1004 4561 1127 4643 aliquid
1160 4562 1239 4626 certi
1272 4559 1394 4640 discas,
1428 4561 1457 4626 si
