3016 5018
624 183 908 239 PRAEMONENDA.
1365 184 1384 246 5

144 353 289 419 Ioannes
306 352 443 433 Millius,
465 355 638 440 theologus
656 355 867 436 Oxoniensis,
889 361 922 420 et
939 355 1078 422 Iacobus
1096 356 1146 420 Le
1164 356 1271 439 Loug,
1294 376 1385 438 pres·

144 439 243 523 byter
270 442 403 506 oratorii
426 441 630 506 Parisiensis.
676 441 743 522 Qui
773 452 883 507 tamen
911 464 978 506 non
1005 442 1093 506 idem
1122 442 1295 506 consilium
1324 442 1385 507 sibi

146 534 396 608 preposuerunt.
440 528 486 591 Et
508 528 634 592 Millius
659 529 790 610 quidem
813 531 848 593 in
870 529 1111 612 prolegomenis
1133 527 1284 593 editionis
1307 549 1385 593 suae

146 630 173 674 a.
201 616 282 672 1707
313 613 499 697 evulgatae,
534 613 574 677 de
608 635 673 696 qua
702 615 806 679 fusius
836 635 896 679 suo
925 615 994 679 loco
1024 614 1183 692 dicemus,
1217 612 1251 676 id
1277 615 1386 696 ipsum

146 696 284 762 molitus
306 698 462 781 estquod
485 699 623 763 etmihi
652 707 750 781 eaput
777 701 825 765 rei
855 700 994 778 videtur,
1022 720 1210 782 quanquam
1239 700 1303 763 alia
1330 700 1385 764 via

146 781 401 864 adsequendunr‚
435 786 558 850 scilieet
585 792 622 847 ut
648 786 751 866 ipsius
779 793 891 851 textus
924 787 990 849 1010
1019 785 1181 868 relegeret
1206 785 1243 848 in
1272 806 1384 850 recen·

146 867 257 934 00011ἰο
280 868 460 935 editionum
483 871 595 936 titulis.
640 872 713 936 Has
739 873 849 955 itaque
878 872 1015 936 minime
1038 891 1151 934 omnes
1180 871 1300 952 repetit
1326 869 1385 935 sed

146 975 201 1019 eas
230 963 361 1020 tantum
391 978 472 1039 quas
500 958 535 1021 10
564 958 792 1022 constituendo
819 965 912 1022 textu
941 958 1104 1040 principes
1132 965 1165 1020 et
1192 957 1384 1040 praecipuas

145 1039 296 1118 habebat,
319 1063 520 1124 quarumque
541 1042 686 1107 indolem
720 1044 922 1109 variantibus
956 1043 1068 1107 sedulo
1094 1042 1236 1107 collectis
1266 1049 1300 1107 et
1326 1064 1384 1107 ex·

145 1127 301 1191 eminetis
322 1148 518 1210 cognoscere
547 1139 580 1192 et
607 1130 742 1193 definire
757 1129 931 1195 studebat.
977 1129 1087 1210 Atque
1116 1128 1272 1193 hactenus
1302 1128 1383 1192 adeo

144 1213 256 1276 omnia
283 1214 486 1296 praestitisse
513 1215 653 1295 posteris
681 1216 772 1280 visus
800 1222 850 1280 est
878 1222 914 1279 ut
946 1215 1094 1296 plerique
1122 1214 1275 1296 deinceps
1303 1214 1383 1279 satis

143 1297 306 1363 haberent
326 1299 432 1381 ipsius
454 1301 623 1364 materiam
655 1322 748 1365 suam
777 1301 900 1377 1001000,
931 1300 1114 1382 suppressis
1142 1320 1224 1381 quae
1253 1299 1309 1363 ille
1338 1299 1383 1362 01-

143 1384 247 1448 lentio
263 1386 479 1466 praeterierat
496 1406 535 1450 ao
551 1387 709 1470 neglectis
727 1408 811 1468 quae
830 1386 1056 1470 postMillium
1070 1385 1202 1449 demum
1222 1386 1256 1449 in
1275 1385 1383 1450 lucem

143 1469 346 1550 prodierunt.
393 1470 458 1549 Sic,
482 1479 520 1535 ut
541 1472 602 1536 hoo
624 1493 690 1536 000
713 1473 863 1554 exemplo
881 1480 965 1548 utar,
988 1473 1111 1536 factum
1130 1478 1181 1535 est
1198 1478 1237 1535 ut
1254 1471 1382 1535 Plenti-

143 1557 280 1620 nianam
308 1557 489 1621 editionum
516 1558 688 1633 familiam,
723 1567 756 1621 01
784 1567 895 1623 textus
924 1559 1030 1622 forma
1058 1570 1091 1620 01
1119 1556 1290 1621 hominum
1320 1578 1383 1620 usu

142 1642 280 1705 minime
302 1642 488 1726 ignobilem,
512 1643 718 1722 remotiores,
748 1644 868 1727 quippe
890 1645 981 1708 euius
1009 1642 1094 1724 apud
1117 1643 1262 1707 Millium
1290 1663 1382 1706 men-

142 1727 268 1792 tionem
312 1729 436 1792 nullam
474 1729 593 1793 factam
632 1729 790 1808 viderent,
834 1730 991 1794 altissimo
1028 1729 1159 1793 silentio
1199 1729 1382 1810 sepelirent.

141 1812 283 1879 Iacobus
311 1836 388 1878 vere
416 1816 466 1878 Le
494 1816 592 1897 Loug
621 1815 664 1879 de
688 1824 779 1879 textu
808 1816 904 1898 plane
931 1815 1014 1879 nihil
1043 1815 1142 1879 habet
1170 1813 1257 1895 quod
1285 1814 1380 1879 dicat.

142 1897 211 1980 Qui
243 1900 279 1962 in
311 1920 370 1964 sua
402 1899 599 1966 bibliotheca
631 1921 723 1966 saera
752 1903 894 1983 primum
924 1921 952 1964 a.
988 1904 1076 1975 1709,
1109 1899 1227 1964 deinde
1255 1901 1382 1964 auctius

141 2007 169 2049 a.
198 1990 278 2046 1723
301 1987 407 2049 101100
430 1987 543 2050 0101011
567 1985 655 2050 edita
683 2009 809 2051 1001001
836 1997 869 2051 01
896 1987 1087 2070 plerumque
1115 1985 1239 2050 nudum
1269 1986 1382 2068 singu-

141 2069 249 2134 larum
275 2070 454 2135 editionum
485 2070 520 2136 S.
544 2070 578 2137 S.
608 2075 792 2156 catalogum
823 2073 1017 2156 conscripsit
1043 2070 1222 2137 secuudum
1250 2072 1381 2156 linguas

141 2155 316 2241 digestum,
338 2158 372 2220 in
391 2178 454 2239 quo
472 2159 672 2223 conficiendo
690 2161 835 2223 maxima
853 2160 1013 2223 01000010
1028 2158 1110 2223 haec
1124 2158 1238 2222 101101
1252 2158 1382 2222 nullum

141 2241 264 2306 librum
286 2243 404 2308 alicubi
428 2251 589 2308 terrarum
620 2244 829 2310 adservatum
858 2246 913 2310 vel
943 2245 982 2308 ab
1013 2244 1121 2325 aliquo
1148 2251 1280 2307 auctore
1309 2243 1380 2307 lau·

141 2327 257 2392 datum
271 2329 444 2393 omitteret.
481 2330 597 2394 Iamsi
615 2329 805 2412 rependeris
820 2331 1050 2396 bibliothecam
1066 2330 1156 2393 illam
1172 2329 1381 2412 Longianam

140 2414 290 2479 omniurn
313 2415 365 2479 sui
387 2416 518 2498 generis
541 2418 680 2497 primam
702 2417 802 2481 101000
818 2416 970 2482 herculeo
985 2415 1095 2480 labore
1113 2413 1379 2491 coacervandam‚

140 2507 176 2563 10
201 2521 281 2564 sane
303 2501 369 2564 viri
392 2501 593 2583 diligentiam
615 2502 811 2584 divitiasque
834 2502 977 2583 undique
1000 2523 1147 2566 corrasas
1170 2500 1323 2581 stupebis,
1347 2505 1381 2563 et

140 2606 205 2667 quo
228 2588 338 2651 101000
359 2588 550 2653 1000010100
574 2589 716 2665 lacunas,
740 2608 900 2652 annorum
922 2595 955 2651 et
973 2589 1152 2651 formarum
1170 2605 1306 2663 errores,
1330 2585 1380 2649 bis

141 2672 282 2736 diversis
305 2672 408 2738 titulis
430 2675 609 2739 recensitos
631 2674 739 2752 libros,
771 2675 900 2756 spurios
923 2694 981 2756 1110
1002 2672 1199 2737 authenticis
1221 2671 1377 2749 laudatos,

142 2759 169 2820 ei
205 2759 286 2823 vitio
323 2767 447 2836 vertas,
484 2759 575 2841 ipsae
613 2759 820 2824 difficultates
856 2759 962 2840 operis
999 2779 1103 2842 paene
1139 2757 1378 2841 insuperabiles

141 2864 280 2925 aequum
312 2853 345 2907 10
374 2843 512 2908 iudicem
543 2844 770 2926 prohibebunt.
816 2845 884 2924 Qui
912 2845 1053 2927 priorem
1083 2843 1257 2907 editionem
1286 2843 1378 2907 nulla

139 2949 233 2993 mora
243 2929 464 2994 intercedente
477 2932 610 3013 Lipsiae
626 2931 843 2996 recudendam
857 2931 985 2996 curavit
998 2929 1075 2994 Ohr.
1087 2927 1176 2993 Frid.
1190 2929 1379 2994 Boernerus

139 3014 179 3078 de
202 3036 263 3079 suo
285 3015 380 3097 plura
402 3015 536 3095 addidit,
568 3015 608 3080 ad
631 3024 779 3082 nostram
807 3024 919 3081 tamen
948 3015 1150 3098 provinciam
1178 3015 1377 3097 pertinentia

137 3102 294 3183 pauciora
315 3123 413 3184 quam
436 3124 517 3183 quae
540 3103 692 3168 hocloco
715 3103 849 3168 laudare
872 3110 1043 3185 oporteret.

226 3187 334 3251 Multo
367 3190 473 3271 magis
503 3189 780 3253 commendandus
813 3208 920 3254 novus
951 3187 1097 3252 eiusdem
1130 3186 1236 3267 operis
1271 3185 1377 3251 editor

140 3273 245 3338 Andr.
280 3273 425 3356 Theoph.
458 3274 626 3339 Meschius
658 3275 714 3357 qui
747 3295 773 3339 a.
811 3279 891 3334 1778
926 3280 959 3337 01
992 3273 1202 3355 sequentibus
1233 3272 1376 3353 priorem

137 3359 256 3423 saltem
278 3366 415 3441 partem,
441 3367 553 3424 textus
571 3361 745 3444 originales
763 3368 796 3425 et
813 3361 982 3424 versiones
1000 3357 1174 3423 orientales
1191 3357 1375 3440 latinaeque

136 3444 419 3527 complectentem,
442 3468 572 3510 summa
593 3468 673 3511 eura
695 3456 728 3510 et
750 3445 994 3528 incomparabili
1012 3444 1176 3510 industria
1193 3450 1324 3508 auctam
1342 3450 1375 3508 et

136 3530 298 3614 digestam
329 3531 472 3613 quinque
504 3531 727 3596 voluminibus
754 3531 883 3614 prodire
910 3532 1013 3596 iussit.
1069 3531 1162 3594 Haeo
1194 3529 1294 3593 editio
1327 3537 1376 3593 tot

136 3616 375 3698 supplementis
397 3615 593 3699 locupletata
614 3627 673 3693 001,
701 3625 770 3682 tam
792 3617 901 3682 lucida
921 3619 1134 3682 materiarum
1162 3613 1374 3696 dispositione

135 3703 209 3767 usui
233 3701 436 3766 eruditorum
460 3704 708 3780 aecruumodata,
738 3712 806 3768 tam
834 3709 985 3768 accurata
1011 3702 1170 3766 librorum
1200 3722 1282 3783 quae
1309 3701 1373 3782 ipsi

135 3789 500 3852 000101110001001001
523 3789 739 3872 descriptione
757 3790 905 3873 insignis,
928 3797 966 3852 ut
983 3809 1106 3852 novum
1124 3787 1193 3851 fere
1210 3808 1291 3869 opus
1309 3785 1373 3852 diei

135 3871 262 3937 debeat.
295 3871 333 3938 si
353 3874 455 3938 nihilo
473 3875 584 3939 minus
602 3877 639 3938 in
657 3897 694 3940 00
713 3874 956 3940 subsistendum
977 3895 1047 3939 esse
1065 3895 1158 3956 nego,
1177 3873 1212 3935 id
1228 3873 1373 3938 maxime

134 3979 195 4041 pro
218 3959 349 4024 diverso
371 3981 465 4041 quem
490 3975 665 4042 persequor
686 3981 782 4042 seepo
804 3960 926 4025 dietum
946 3959 1171 4024 aestimaveris
1189 3969 1222 4022 et
1239 3967 1373 4041 propter

133 4045 210 4110 libri
245 4052 457 4124 vetustatem,
493 4068 609 4111 verum
642 4057 751 4110 tamen
785 4047 882 4109 otiam
915 4054 1047 4128 propter
1080 4045 1223 4127 plurima
1253 4043 1371 4108 menda

134 4151 217 4214 quae
250 4130 457 4196 doctissimus
487 4131 592 4197 editor
621 4133 673 4196 vel
700 4154 743 4196 ex
770 4134 858 4196 10010
887 4153 945 4196 000
975 4131 1130 4213 primario
1157 4132 1287 4194 incaute
1315 4131 1370 4193 de-

133 4217 268 4299 scripsit
290 4217 341 4280 vel
363 4217 527 4282 incautius
552 4218 683 4282 aliunde
706 4219 814 4282 oblata
835 4218 965 4300 recepit.

219 4302 310 4367 Huic
332 4304 467 4367 minime
488 4304 722 4385 aequiparandi
751 4303 806 4367 alii
834 4303 984 4368 nonnulli
1014 4304 1187 4384 scriptores
1217 4301 1272 4382 qui
1300 4301 1369 4364 edi·

133 4388 241 4453 tiones
265 4388 305 4453 N.
330 4389 366 4452 Τ.
390 4390 498 4473 graeci
520 4399 688 4455 recensere
712 4391 819 4454 eonati
841 4399 927 4465 sunt,
957 4387 1062 4470 idque,
1085 4388 1149 4452 nisi
1179 4387 1290 4451 omnia
1316 4408 1370 4452 me

131 4474 261 4546 fallunt.
291 4495 356 4538 nen
386 4497 428 4539 ex
450 4477 582 4558 propria
611 4476 767 4541 librorum
797 4476 912 4539 notitia
941 4474 998 4538 sed
1026 4495 1068 4537 ex.
1096 4473 1195 4538 variis
1225 4479 1258 4536 et
1285 4474 1369 4536 anti-

132 4560 303 4644 quioribus
324 4560 593 4628 bibliothecarum
617 4562 773 4646 catalogis
801 4560 1034 4645 supellectilem
1058 4581 1149 4624 suam
1173 4566 1366 4642 repetentes.
