3016 5018
208 200 246 260 14
677 190 962 250 PRAEMONENDA.

204 368 413 452 praecedenti
431 366 608 433 desciscere
626 366 745 432 doeens
763 366 857 431 facile
875 367 991 448 cuique
1000 367 1203 450 persuadebo
1214 368 1288 434 illas
1299 369 1438 435 viriola-

205 455 327 519 rissimi
360 453 596 537 recognitiones
635 453 696 517 vix
734 452 870 516 modum
907 452 1143 518 emendationis
1183 456 1438 539 typographicae

205 542 393 617 excessisse,
412 547 562 621 quartam
579 546 690 604 tamen
710 539 917 620 aliquatenus
935 541 1169 604 accuratiorem
1186 542 1295 619 fuisse,
1315 542 1440 608 scilieet

206 626 405 710 Apocalypsi
427 624 467 688 ad
491 625 660 707 exemplar
682 624 916 705 Gomplutense
938 626 1104 708 castigata.
1156 625 1265 691 Simul
1287 629 1438 693 omnibus

205 713 287 777 meis
309 711 607 794 computationibus
629 710 670 774 ad
694 731 797 774 unum
815 709 907 772 illum
926 732 1101 775 numerum
1123 713 1246 776 exactis
1268 733 1364 794 quem
1386 735 1439 778 re-

207 799 355 882 gularem
378 796 528 875 dixerim,
551 796 584 859 id
607 801 657 860 est
678 795 811 879 regulae
828 795 935 860 instar
953 796 1146 875 adhibitum,
1169 798 1368 863 familiarum
1391 799 1438 863 di·

206 904 337 950 versam
358 883 500 948 indolem
530 881 721 964 simpliciter
750 889 784 945 et
811 882 982 964 perspicue
1004 881 1146 948 indicare
1174 904 1317 966 possum,
1347 886 1440 951 cuius

207 971 255 1034 161
277 969 429 1051 exempla
449 968 551 1033 lector
573 967 660 1031 infra
688 974 737 1031 tot
765 973 898 1049 tamque
925 967 1013 1032 clara
1040 970 1187 1034 inveniet
1212 979 1250 1034 ut
1279 971 1340 1036 hoc
1368 971 1439 1036 loco

207 1077 274 1121 uno
295 1057 439 1120 alterove
467 1054 565 1118 allato
594 1053 765 1118 consilium
792 1073 902 1117 meum
929 1053 1097 1119 illustrare
1123 1057 1344 1120 necessarium
1374 1078 1440 1122 non

207 1138 366 1209 videatur.

295 1227 469 1293 (laetarum
501 1225 668 1308 pertinent
695 1246 738 1288 ex
771 1223 953 1289 millenario
980 1233 1091 1290 nostro
1119 1248 1255 1291 numero
1284 1227 1325 1291 ad
1352 1229 1440 1292 Mat

207 1315 343 1381 thaeum
365 1313 428 1376 loci
451 1316 520 1390 136,
543 1311 584 1376 ad
607 1311 756 1375 Marcum
780 1314 829 1387 94,
853 1309 894 1374 ad
917 1311 1042 1377 Lucam
1068 1316 1136 1390 110,
1163 1313 1204 1376 ad
1232 1335 1280 1378 ev.
1303 1312 1441 1378 Ioannis

209 1406 263 1481 55;
286 1420 383 1483 porro
405 1397 446 1462 ad
469 1400 554 1462 Acta
579 1401 652 1476 1513
676 1395 718 1460 ad
736 1395 877 1460 Paulum
901 1399 972 1475 111,
995 1397 1035 1462 ad
1059 1418 1108 1481 ep.
1132 1399 1174 1462 ad
1197 1398 1365 1463 Hebraeos
1389 1405 1440 1479 40,

208 1487 250 1552 ad
272 1507 343 1569 epp.
366 1484 475 1550 Iacobi
497 1482 591 1548 Petri
613 1490 646 1547 61
664 1481 765 1546 Iudae
788 1484 837 1559 64,
867 1481 907 1545 ad
936 1504 1008 1565 epp.
1031 1483 1166 1548 Ioannis
1190 1490 1218 1562 9,
1247 1482 1288 1548 ad
1311 1485 1440 1568 Apoca-

207 1571 318 1656 lypsin
340 1575 407 1633 119.
444 1571 516 1634 Iam
539 1590 640 1651 quum
663 1567 807 1632 delectus
829 1568 974 1633 locorum
996 1569 1032 1632 in
1053 1571 1204 1635 omnibus
1221 1570 1261 1635 N.
1283 1571 1441 1652 116111-

208 1657 270 1723 bus
288 1657 329 1722 ad
347 1656 477 1721 easdem
494 1656 583 1739 leges
607 1661 641 1718 61
657 1654 800 1718 16116166
818 1654 922 1719 factus
940 1656 992 1733 sit,
1015 1677 1057 1720 ex
1077 1656 1150 1719 istis
1173 1658 1318 1721 numeris
1340 1657 1439 1722 simul

208 1751 299 1827 patet
320 1742 524 1826 singulorum
546 1740 703 1805 librorum
726 1748 854 1804 textum
877 1761 942 1804 non
966 1741 1097 1806 easdem
1126 1748 1311 1824 temporum
1339 1750 1373 1806 ot
1400 1743 1440 1806 li·

209 1829 394 1894 brariorum
425 1827 563 1892 iniurias
596 1832 768 1907 expertum
797 1847 868 1891 esse
895 1826 949 1891 vel
975 1827 1074 1892 etiam
1103 1837 1251 1891 veterum
1281 1826 1443 1893 editorum

209 1915 385 1980 inscitiam.
430 1914 516 1978 Prae
545 1913 681 1978 caeteris
706 1912 922 1995 Apocalypsis
949 1919 982 1976 et
1003 1915 1089 1978 Acta
1109 1915 1144 1976 in
1164 1914 1334 1996 impressis
1356 1914 1442 1979 vari·

211 2007 270 2067 ant
291 2023 331 2066 ex
354 2020 417 2082 quo
440 1999 578 2063 eandem
602 1999 760 2062 rationem
790 1999 878 2061 etin
900 1999 1152 2081 manuscriptis
1175 2000 1322 2064 obtinere
1348 1999 1443 2064 facile

211 2088 361 2170 colliges;
383 2087 470 2149 inter
491 2083 644 2167 epistolas
663 2083 816 2166 paulinae
834 2085 970 2148 caeteris
988 2085 1130 2149 feliciore
1148 2094 1236 2150 sorte
1254 2107 1333 2150 usae
1350 2091 1443 2164 sunt;

211 2172 420 2256 evangelium
442 2192 519 2238 vero
541 2178 574 2235 61
596 2170 751 2251 epistolae
773 2170 907 2234 Ioannis
928 2171 1034 2234 multo
1064 2171 1171 2236 rarius
1200 2193 1297 2254 quam
1325 2171 1444 2253 reliqui

210 2258 288 2324 libri
310 2278 422 2322 omnes
444 2278 517 2322 cam
539 2265 654 2339 passae
672 2263 751 2320 sunt
767 2255 947 2337 scripturae
965 2257 1158 2323 varietatem
1176 2279 1274 2340 quam
1292 2258 1353 2322 hoc
1373 2258 1444 2322 loco

211 2344 342 2412 silentio
365 2343 546 2426 praeterire
566 2362 634 2405 non
655 2351 809 2423 poteram.

297 2429 364 2496 Sed
386 2431 421 2493 in
442 2428 657 2511 producendis
678 2428 744 2491 illis
767 2427 989 2505 varietatibus,
1019 2426 1135 2510 quibus
1157 2451 1237 2494 usus
1264 2429 1444 2493 editionum

212 2516 447 2599 discrepantias
469 2515 658 2597 significabo
680 2525 713 2576 61
733 2513 874 2578 familias
896 2515 1102 2592 constituam,
1126 2536 1196 2579 eam
1216 2517 1374 2580 rationem
1393 2536 1443 2580 66-

212 2625 293 2685 quar
314 2613 351 2666 ut
372 2602 506 2666 lecturis
529 2599 675 2683 singulas
698 2621 763 2663 non
787 2599 884 2663 simul
907 2608 941 2664 et
968 2621 1033 2664 uno
1061 2608 1234 2683 conspectu
1263 2621 1444 2684 proponam

212 2688 270 2754 sed
291 2709 351 2771 pro
374 2687 602 2752 recensionem
624 2685 810 2750 criticaeum
834 2686 1037 2751 successione
1059 2686 1198 2750 subinde
1221 2696 1254 2751 et
1276 2687 1444 2771 sigillatim

213 2795 268 2839 666
296 2795 378 2856 quas
404 2773 525 2856 singuli
555 2771 660 2837 critici
688 2772 780 2852 qnasi
806 2770 937 2836 civitate
965 2771 1136 2837 donarunt.
1190 2773 1305 2855 Itaque
1333 2774 1444 2837 statim

212 2859 248 2924 in
271 2860 379 2942 operis
399 2858 504 2923 nostri
525 2858 631 2922 116116
654 2858 771 2922 seriem
792 2857 943 2922 invenies
964 2858 1137 2922 lectionum
1165 2859 1283 2940 quibus
1305 2860 1444 2941 receptis

214 2944 298 3009 duae
321 2945 481 3009 editiones
510 2943 682 3027 principes,
711 2943 957 3025 Complutensis
984 2953 1018 3007 ct
1046 2945 1225 3022 Erasmica,
1258 2946 1346 3010 inter
1373 2965 1444 3009 6666

214 3029 378 3095 differunt.
424 3029 514 3110 Quas
536 3051 595 3112 pro
617 3029 685 3094 suis
707 3029 910 3112 singularum
933 3029 1117 3112 provinciis,
1146 3031 1219 3113 plus
1246 3033 1356 3094 minus
1377 3030 1444 3095 1616

214 3117 402 3200 patentibus
424 3116 459 3179 in
482 3115 574 3179 libris
596 3115 708 3197 postca
728 3115 887 3198 vulgatis,
911 3115 947 3178 in
970 3116 1116 3181 diversas
1138 3117 1257 3181 classes
1280 3117 1443 3196 distribui,

215 3203 371 3284 appositis
392 3202 492 3285 siglis,
515 3222 631 3283 nempe
652 3201 757 3266 literis
779 3201 910 3280 A-T3
938 3201 985 3266 ita
1008 3202 1156 3266 utnulla
1178 3203 1308 3286 negotio
1329 3203 1444 3267 unius·

215 3288 371 3371 cuiusque
392 3288 535 3352 familiae
558 3288 609 3352 vel
631 3287 782 3351 editionis
804 3287 993 3368 posterioris
1016 3287 1057 3351 ad
1078 3288 1151 3352 illas
1173 3289 1337 3371 principes
1360 3289 1445 3353 ratio

215 3374 328 3458 paucis
349 3376 454 3438 notari
477 3374 588 3456 possit.
639 3371 767 3452 Quibus
790 3371 907 3437 deinde
929 3373 1084 3439 accedent
1105 3374 1260 3439 lectiones
1282 3376 1322 3440 ab
1345 3376 1445 3439 Eras-

215 3481 268 3525 mo
296 3460 331 3523 in
358 3460 484 3524 iteratis
514 3460 582 3524 suis
611 3457 807 3523 editionibus
836 3468 985 3540 receptae
1013 3458 1089 3543 (U),
1120 3471 1190 3524 tum
1218 3481 1299 3542 quas
1321 3462 1446 3542 primus

101 3615 104 3620 ,
216 3545 392 3611 0611116616
410 3546 489 3626 (V),
508 3543 699 3626 Stephanus
718 3543 798 3628 (W)
818 3554 850 3607 61
862 3545 949 3609 Bcza
961 3544 1034 3630 (X)
1054 3545 1188 3625 habent3
1207 3567 1302 3628 porro
1314 3548 1447 3610 venient

216 3631 292 3696 illae
304 3653 385 3714 quas
403 3631 506 3696 critici
525 3630 701 3712 superioris
718 3630 1249 3711 6666111116116166(Υ),11166116
1268 3632 1337 3715 (Z),
1357 3633 1447 3696 Ben-

216 3718 321 3801 golius
344 3716 410 3801 (Γ),
433 3717 640 3781 Wetstenius
660 3717 723 3800 (Δ),
742 3715 961 3781 Harwoodius
984 3715 1054 3801 (Θ),
1079 3717 1312 3782 Griesbaehius
1335 3719 1396 3802 (A)
1415 3727 1448 3782 61

216 3803 420 3869 Matthaeius
442 3800 500 3886 (Ξ)
522 3803 619 3884 primi
645 3801 916 3868 commendarunt
945 3803 1067 3866 sensim
1094 3803 1329 3868 recentioribus
1358 3805 1447 3868 viam

216 3897 451 3972 praeparantes
470 3886 625 3951 librorum
645 3909 764 3952 novam
782 3888 917 3951 formam
938 3889 1105 3970 auspicati.
1146 3890 1277 3969 Agmen
1295 3889 1449 3954 claudent

109 4054 113 4060 ⁵
218 3975 322 4041 critici
339 3975 445 4039 nostri
462 3974 618 4057 temporis
636 3983 708 4055 post
726 3972 977 4038 Griesbachium
995 3973 1076 4038 clari
1094 3974 1290 4056 (ΗΣΦΨΩ),
1309 3996 1448 4056 quorum

218 4081 281 4145 quo
299 4062 409 4126 minus
426 4060 560 4124 nomina
578 4059 724 4124 hocloco
742 4080 919 4123 memorem
938 4061 1084 4142 ipsorum
1107 4060 1193 4143 apud
1216 4069 1347 4125 exteros
1370 4082 1448 4143 quo·

218 4167 280 4230 que
302 4147 494 4213 decantatae
508 4145 629 4240 'laudes
651 4151 773 4211 vetant.

309 4371 395 4452 Quae
422 4369 678 4451 insequentibus
705 4368 864 4434 6616116616
891 4372 1037 4433 notentur
1064 4370 1224 4449 editiones,
1260 4390 1314 4436 eos
1347 4391 1450 4437 omncs

219 4456 287 4539 ipsa
304 4459 451 4535 possideo
471 4457 671 4537 undecunque
692 4459 829 4521 coemtas.

740 4638 937 4647 m
