3016 5018
611 157 892 212 PRAEMONENDA.
1350 164 1368 224 9

136 331 281 414 episcopi
298 331 536 416 quinquaginta
554 351 612 397 sex
634 337 764 397 tantum
782 329 939 399 editiones
961 336 1111 415 exhibet;
1135 330 1369 400 Griesbachius

137 417 253 482 suavo
275 417 447 501 sexaginta
469 439 588 484 novem
611 439 686 484 suas
716 419 845 498 fecerat,
873 420 920 484 Io.
952 419 1020 505 Sig.
1051 421 1210 486 Moerlius
1239 418 1369 482 Norim-

134 505 306 589 bergensis
339 504 548 586 septuaginta
580 511 713 587 septem.
769 505 844 571 Uno
874 508 1055 589 exemplari
1084 505 1274 588 locupletior
1307 504 1370 567 fuit

138 593 224 674 Aug.
254 588 470 655 Shadeloock.
516 591 556 653 In
587 590 780 656 bibliotheca
808 591 1033 658 univcrsitatis
1063 592 1247 675 Lipsiensis
1275 611 1369 654 sexa-

136 677 230 761 ginta
251 683 284 741 et
305 697 406 740 unam
435 677 557 754 inveni,
586 676 744 759 Lugduni
771 678 972 743 Batavorum
1005 680 1212 761 septuaginta
1241 683 1274 740 et
1300 697 1369 752 sex,

135 760 287 828 Basileae
305 763 470 845 octoginta
488 772 520 826 et
538 770 619 838 octo,
638 763 846 848 Guelferbyti
864 766 1044 848 nonaginta
1062 773 1095 828 et
1112 763 1202 840 duas,
1222 760 1370 826 Dresdae

137 855 205 914 tres
227 868 327 932 supra
346 847 485 912 cundem
514 870 697 926 numerum,
725 850 872 913 Berolini
903 861 1033 915 contum
1061 859 1094 914 et
1116 847 1369 931 quatuordecim,

136 933 397 1018 Wernigerodae
430 933 519 999 ultra
552 942 684 999 centum
719 944 752 999 et
782 935 1006 1020 quadraginta.
1056 937 1198 1018 Propius
1227 956 1246 998 a
1275 954 1370 1015 scopo

137 1020 314 1085 abfuerunt
332 1020 497 1085 triumviri
519 1021 574 1085 vel
596 1022 630 1083 in
653 1021 755 1085 literis
779 1022 879 1087 sacris
901 1022 1044 1088 colendis
1067 1023 1119 1086 vol
1139 1022 1173 1085 in
1197 1020 1289 1084 libris
1306 1019 1371 1084 col-

134 1105 276 1189 ligendis
298 1106 501 1171 celeberrimi
524 1105 593 1189 Sig.
622 1106 685 1170 Iac.
716 1108 996 1191 Baumgartcnius
1028 1108 1185 1172 Halensis
1215 1107 1251 1169 in
1279 1105 1371 1169 cuius

135 1192 340 1274 amplissima
378 1191 565 1256 collectione
599 1200 731 1258 centum
764 1195 1001 1277 quinquaginta
1035 1203 1066 1259 et
1099 1195 1182 1258 duae
1215 1191 1370 1256 editiones

134 1278 176 1342 N.
206 1279 243 1342 Τ.
278 1278 387 1361 graeci
418 1278 617 1342 exstiterunt
644 1287 718 1360 post
747 1278 817 1343 eius
847 1287 984 1344 mortem
1016 1280 1144 1364 publice
1173 1277 1381 1355 divenditae,

133 1363 181 1428 Io.
206 1363 284 1429 Mel.
309 1363 450 1449 Goeaius
477 1364 742 1449 Hamburgensis
770 1365 825 1445 qui
854 1375 984 1430 centum
1011 1367 1132 1450 viginti
1159 1386 1218 1430 sex
1246 1363 1370 1438 habuit,
1452 1440 1455 1444 λ

134 1471 227 1514 nunc
247 1449 461 1514 bibliothecae
491 1451 616 1531 patriae
646 1460 883 1526 ornamentum,
914 1452 949 1515 in
978 1474 1042 1534 qua
1071 1473 1183 1516 earum
1213 1470 1370 1514 numerus

134 1536 376 1619 quinquaginta
397 1547 535 1618 quatuor
557 1537 749 1600 aliis'hodie
771 1546 885 1602 auctus
908 1540 1077 1620 reperitur,
1104 1538 1208 1602 Iosias
1230 1535 1371 1616 denique

133 1622 283 1686 Lorkins
304 1623 503 1704 βιβλιοφίλων
525 1623 701 1704 superioris
729 1623 779 1687 vel
805 1624 913 1705 potius
941 1626 1047 1689 omnis
1069 1623 1184 1688 ae'tatis
1209 1623 1369 1704 princeps,

134 1709 168 1771 in
191 1709 285 1773 ouius
307 1707 462 1772 thesauro
484 1715 648 1773 trecentae
671 1707 888 1793 quadraginta
910 1717 943 1774 et
965 1731 1024 1774 sex
1046 1717 1267 1787 recensentur,
1291 1727 1371 1789 quas

134 1794 160 1858 si
184 1793 227 1858 ad
255 1793 379 1858 iustum
407 1815 581 1858 numerum
611 1793 776 1878 redegeris
806 1796 947 1878 demptis
975 1796 1084 1880 duplis
1114 1796 1249 1876 aliisque
1278 1793 1370 1857 libris

133 1899 217 1961 quae
236 1879 331 1944 nobis
347 1879 384 1942 in
402 1901 536 1945 censum
553 1900 619 1943 non
638 1883 785 1959 veniunt,
810 1881 969 1946 ducentae
992 1884 1156 1965 octoginta
1175 1890 1207 1944 et
1225 1881 1370 1963 quinque
1412 1878 1415 1883 '

133 1975 334 2048 supererunt
367 1987 454 2032 nunc
489 1964 716 2049 Stuttgardiae
748 1969 783 2030 in
817 1968 1011 2033 bibliotheca
1044 1969 1135 2053 regia
1167 1967 1368 2030 adservatae.

132 2051 246 2116 Etiam
268 2052 303 2115 in
325 2051 520 2117 bibliotheca
542 2050 744 2117 Sttssexiana
772 2052 859 2117 ultra
882 2054 1022 2119 ducenta
1044 2053 1244 2136 exemplaria
1269 2052 1308 2116 N.
1332 2051 1367 2114 Τ.

133 2139 243 2220 graeci
264 2147 485 2202 recensentur.
723 2157 726 2162 ·

221 2223 299 2307 Ipse
322 2245 364 2287 ex
386 2246 449 2306 qsio
472 2223 512 2288 ad
536 2223 708 2288 historiam
729 2225 898 2290 literarum
921 2227 1006 2289 Novi
1026 2225 1182 2290 Foederis
1206 2244 1372 2288 sacrarum

136 2308 344 2376 scribendam
362 2310 508 2374 animum
526 2311 654 2374 adverti
672 2311 785 2374 sedulo
804 2311 964 2377 editiones
982 2333 1093 2376 earum
1113 2310 1303 2392 conquirere
1322 2310 1373 2372 in-

137 2397 209 2478 cepi
226 2403 323 2477 atque
343 2396 379 2458 in
397 2395 457 2460 hoc
476 2407 593 2461 conatu
612 2407 677 2461 tam
701 2418 858 2480 prospera
879 2399 1011 2462 fortuna
1033 2419 1113 2463 usus
1136 2419 1208 2462 snm
1232 2402 1268 2460 ut
1286 2397 1374 2459 intra

135 2501 316 2565 paucorum
347 2503 506 2545 annorum
537 2485 678 2564 spatium
700 2485 808 2565 copias
832 2484 883 2548 vel
906 2484 1085 2549 Lorlrianis
1108 2484 1210 2547 multo
1232 2481 1372 2564 locuple-

137 2569 238 2632 tiores
265 2587 355 2632 meas
385 2566 492 2633 dicere
521 2569 692 2649 potuerim.
745 2569 846 2633 Simul
876 2590 896 2633 a
924 2571 1073 2651 pluribus
1103 2569 1374 2634 bibliothecarum

137 2653 344 2736 publicarum
368 2654 540 2737 praefectis
560 2655 717 2719 librorum
737 2656 875 2738 singulis
893 2656 972 2720 locis
991 2658 1190 2720 exstantium
1210 2654 1374 2736 catalogos

138 2740 219 2824 petii
242 2758 323 2821 quos
345 2740 407 2804 viri
431 2740 654 2806 honestissimi
674 2761 801 2805 mecum
827 2742 1064 2806 humanissime
1082 2749 1115 2806 ot
1134 2740 1374 2806 accuratissime

138 2827 431 2890 communicarunt.
476 2827 516 2890 In
541 2827 657 2909 quibus
681 2827 836 2910 catalogis
865 2828 993 2910 siquid
1016 2828 1198 2892 fortenovi
1221 2835 1254 2891 ct
1281 2827 1374 2890 inau-

139 2912 199 2976 diti
219 2911 431 2977 inveniebam
453 2913 504 2976 vel
525 2912 595 2994 ipse
616 2922 730 2996 postea
751 2914 868 2978 itinero
895 2915 978 2979 facto
1007 2935 1065 2996 per
1092 2914 1294 2978 occasionem
1323 2912 1373 2975 in-

139 2997 316 3080 spiciebam
338 2998 392 3063 vel
415 3018 474 3080 per
495 3000 616 3064 amicos
646 3008 680 3063 et
702 3000 844 3064 fautores
871 3000 1014 3064 instituti
1043 3002 1105 3064 mci
1136 2998 1374 3082 inspiciendum

139 3082 305 3148 curabam.
338 3084 522 3148 Multorum
546 3086 602 3148 tali
625 3085 721 3150 modo
741 3086 898 3150 librorum
923 3086 1068 3150 notitiam
1093 3087 1232 3169 primum
1258 3083 1374 3148 alienis

138 3171 174 3234 in
197 3170 296 3234 terris
319 3171 476 3252 acquisivi
499 3193 635 3253 quornm
664 3179 777 3253 postea
806 3171 1016 3236 emendorum
1046 3173 1138 3255 copia
1163 3172 1233 3247 fuit,
1262 3171 1308 3233 ita
1336 3175 1375 3232 ut

139 3256 247 3320 rarius
270 3254 365 3320 hodie
387 3264 575 3321 exterarum
597 3260 767 3341 regionum
790 3257 921 3322 divitias
949 3259 984 3321 in
1015 3258 1075 3324 hoc
1104 3279 1200 3341 opere
1228 3256 1374 3320 laudatas

139 3342 286 3424 reperias
307 3362 404 3423 quam
428 3364 508 3424 quas
531 3343 606 3407 olim
630 3343 758 3407 laudari
780 3344 976 3427 oportuisset
998 3344 1025 3408 si
1056 3343 1263 3412 festinantius
1291 3339 1374 3404 illud

140 3428 174 3493 in
205 3427 373 3511 publicum
399 3428 584 3494 edidissem.
642 3430 765 3494 Multos
794 3431 893 3493 etiam
920 3430 986 3493 imo
1015 3430 1172 3511 plurimos
1199 3427 1374 3509 bibliogra-

141 3513 282 3596 phorum
306 3534 432 3580 errores
456 3523 489 3579 et
511 3515 686 3580 editionum
708 3516 892 3596 spuriarum
912 3515 1025 3579 titulos
1045 3539 1085 3580 ex
1104 3514 1260 3597 catalogis
1278 3512 1373 3577 bibli·

141 3600 331 3665 othecarum
356 3599 434 3664 olim
463 3600 624 3666 indoctius
652 3601 843 3683 conscriptis
873 3622 1023 3666 manasse
1051 3601 1191 3683 comperi
1222 3609 1252 3663 ct
1281 3598 1373 3662 libris

140 3685 221 3768 ipsis
242 3686 398 3768 inspectis
421 3707 497 3751 suae
520 3688 651 3751 veritati
673 3688 809 3752 restitui.

226 3771 300 3835 Iam
328 3771 390 3837 hac
418 3773 586 3838 occasione
615 3774 690 3836 data
717 3781 793 3836 ante
821 3775 929 3837 omnia
957 3795 1067 3839 eorum
1098 3773 1240 3849 nomina,
1270 3779 1307 3836 ut
1334 3771 1375 3835 de

141 3857 222 3921 meis
243 3857 341 3921 rebus
363 3860 483 3940 optimc
506 3860 706 3935 moritorum,
731 3867 824 3942 grato
846 3880 919 3924 cum
943 3861 1052 3925 animo
1075 3858 1188 3935 saluto,
1217 3860 1272 3940 qui
1294 3858 1374 3940 ipsis

140 3942 299 4008 librorum
321 3943 548 4009 collationibus
570 3945 752 4010 accuratius
782 3944 991 4010 instituendis
1019 3966 1149 4028 operam
1179 3944 1373 4008 benevolen-

141 4029 267 4094 tissime
287 4037 466 4109 navarunt3
492 4053 510 4093 e
533 4032 648 4112 quibus
670 4032 804 4095 fuerunt
825 4031 899 4095 VV.
924 4031 1000 4096 DD.
1024 4030 1239 4095 Vindobonae
1262 4029 1373 4095 Gualt.

141 4115 340 4179 Behrnauer
358 4115 573 4182 bibliothecae
596 4117 769 4182 adiunctus
793 4130 824 4179 et.
843 4117 915 4181 (lar.
936 4117 1024 4194 Otto,
1049 4118 1125 4182 clar.
1150 4124 1278 4198 patrum
1298 4136 1374 4197 apo-

140 4200 323 4285 logetarum
341 4200 446 4266 editor
463 4210 496 4266 et
512 4203 685 4285 interpres,
705 4203 841 4267 Parisiis
859 4204 941 4286 Eug.
960 4201 1145 4281 Scherdlin
1164 4201 1256 4266 caud.
1276 4200 1373 4264 theol.

140 4287 285 4350 nuncin
309 4286 490 4370 Gymnasio
512 4290 779 4372 Argentoratensi
802 4289 975 4370 professor,
999 4298 1031 4353 et
1057 4291 1138 4371 Aug.
1158 4288 1277 4370 Himly
1294 4287 1375 4369 prof.

141 4371 229 4455 publ.
254 4372 323 4437 ord.
351 4373 386 4437 in
408 4373 588 4439 Academia
609 4375 791 4439 Parisiensi
813 4376 893 4439 mihi
915 4376 1061 4439 fraterno
1085 4395 1194 4438 amore
1221 4373 1374 4437 coniunc-

141 4458 305 4536 tissimus,
344 4460 582 4524 Amstelodami
616 4460 758 4525 'l'raiecti
797 4468 830 4524 et
861 4461 1021 4544 Lugduni
1053 4461 1253 4525 Batavorum
1296 4458 1374 4523 Abr.

140 4543 293 4628 Knyper,
328 4544 442 4611 doctiss
475 4567 609 4629 operum
639 4548 685 4611 Io.
715 4569 733 4610 a
760 4546 867 4612 Lasco
896 4546 1010 4626 editor,
1045 4545 1243 4629 Goettingac
1276 4545 1374 4609 Ferd.
