3016 5018
618 161 902 217 renunciatum.
1338 165 1376 240 13

141 342 238 400 esset.
284 334 460 400 Caeterum
483 335 511 398 si
529 335 601 415 quis
618 335 718 399 Millii
738 333 929 398 methodum
948 333 1044 397 unice
1063 330 1261 416 sequendam
1280 334 1377 396 aesti-

140 420 284 484 maverit
302 421 330 485 is
352 421 405 485 vel
429 441 694 503 unamquamque
716 420 891 485 editionem
912 441 985 484 cum
1010 418 1147 484 caeteris
1169 417 1318 482 omnibus
1340 437 1377 483 ac

141 505 284 590 singulis
306 508 453 571 conferre
476 505 608 571 deberet
629 507 682 572 vel
705 507 821 571 saltem
839 512 974 570 cunctas
993 525 1067 569 eum
1089 525 1156 567 una
1174 503 1283 586 aliqua
1305 503 1376 586 (sed

141 611 282 674 quanam
304 593 454 675 quaesol)
477 592 519 656 ad
541 614 639 675 quam
658 614 716 657 ceu
734 591 775 655 ad
794 611 885 656 suam
904 611 1052 654 normam
1074 590 1214 670 11111111
1232 589 1374 654 referret

139 677 212 742 Iam
236 699 337 760 quum
359 677 486 743 hodie
477 700 511 741 m
534 679 631 743 rebus
652 698 742 742 mere
765 675 1094 759 orthographicisin
1113 673 1326 758 diphthongis
1344 683 1375 740 et

141 765 337 847 augmentis,
359 765 393 828 in
416 764 519 840 literis
541 763 770 846 ephclcysticis
793 770 826 827 et
847 762 1040 844 apocopatis,
1063 761 1099 824 in
1123 759 1239 825 ordine
1263 760 1375 827 verbo-

140 871 214 914 rum
234 858 328 915 const
315 834 461 914 11111111
480 850 615 932 aliisque
633 847 858 915 huiuscemodi
876 848 1027 930 plurimis
1053 847 1109 912 111
1126 868 1229 911 unum
1251 855 1308 911 ant
1328 847 1375 912 al·

140 942 252 1000 terum
273 935 467 1003 vocabulum
490 936 544 1000 vel
566 934 646 1000 adeo
676 935 799 1016 apicem
830 935 973 1016 aliquem
1000 935 1102 998 intact
1103 955 1158 996 nm
1184 932 1376 1015 reliquerint

141 1021 248 1086 critici
269 1042 400 1085 suorum
425 1021 604 1086 uncialium
627 1020 774 1087 codicum
797 1020 1020 1098 admiratores,
1050 1029 1188 1101 quantas
1211 1019 1373 1103 ambages,

141 1105 235 1185 eheu,
259 1115 446 1189 quantaque
469 1107 577 1172 taedia
595 1107 818 1172 infelicissimo
839 1104 1008 1192 pcnpcic'yp
1024 1104 1105 1170 tales
1127 1106 1301 1190 gignerent
1322 1126 1374 1171 co-

140 1192 253 1256 natael

227 1277 339 1343 Aliam
360 1278 464 1362 igitur
486 1278 646 1363 planeque
669 1300 788 1346 novam
816 1279 904 1343 viam
930 1279 1097 1362 ingressus
1125 1299 1199 1344 sum
1226 1299 1290 1361 qua
1317 1298 1375 1344 ex·

139 1363 284 1446 peditius
304 1364 454 1429 simulet
473 1364 577 1430 tutius
594 1386 728 1448 scopum
740 1365 885 1446 attigisse
896 1365 979 1430 mihi
992 1365 1111 1430 videor.
1148 1367 1202 1430 Ex
1213 1365 1375 1431 immensa

139 1450 198 1515 illa
231 1451 430 1516 variantium
461 1452 636 1516 lectionum
664 1452 757 1535 eopia
788 1462 820 1515 11
843 1453 1023 1534 farragine,
1058 1473 1139 1534 quas
1172 1473 1241 1515 non
1273 1451 1380 1535 libros¹

139 1536 397 1618 manuscriptos
416 1537 500 1602 solos
520 1536 577 1601 sed
594 1539 682 1619 ipsos
700 1559 827 1621 quoque
849 1537 938 1621 typis
961 1537 1064 1602 editos
1088 1536 1241 1602 exhibere
1263 1535 1373 1603 obser·

139 1643 308 1701 vaveram,
330 1623 431 1706 selegi
448 1633 565 1688 MILLE
583 1644 660 1706 prae
679 1626 816 1689 caeteris
834 1624 978 1707 insignes
1001 1631 1034 1687 et
1055 1623 1281 1688 memorabiles
1303 1643 1373 1689 eas·

140 1728 204 1790 que
222 1708 310 1774 solas
327 1708 384 1774 sed
402 1729 506 1791 usque
523 1729 635 1774 omnes
660 1711 696 1774 in
714 1731 909 1791 unaquaque
927 1710 1069 1774 editione
1087 1709 1277 1792 conquisivi,
1296 1729 1373 1774 con·

140 1795 340 1877 quisitasque
361 1795 483 1860 notavi.
529 1795 696 1862 Numerus
718 1796 775 1860 ille
804 1798 909 1860 maior
936 1808 1008 1861 erat
1035 1818 1135 1878 quam
1162 1817 1224 1878 quo
1252 1793 1373 1878 ubique

139 1889 290 1946 accurate
312 1887 487 1946 retractato
514 1882 681 1964 graviores
709 1882 944 1963 discrepantiae
976 1905 1026 1945 me
1053 1882 1165 1965 fugere
1194 1881 1371 1964 potuerint,

138 1966 249 2030 minor
268 1987 366 2048 quam
389 1967 446 2048 qui
475 1968 604 2049 saepius
632 1969 791 2050 repetitus
821 1988 975 2032 nauscam
1005 1975 1160 2033 moveret.
1204 1968 1315 2049 Atque
1336 1968 1371 2031 in

139 2050 322 2134 deligendis
345 2053 548 2118 variantibus
570 2075 625 2118 eas
648 2055 851 2135 potissimum
875 2055 1002 2136 respexi
1027 2075 1110 2136 quae
1132 2055 1239 2136 ipsum
1262 2062 1371 2118 textus

139 2158 273 2202 sensum
302 2139 430 2203 afficere
456 2139 665 2217 videbantur,
700 2140 752 2204 vel
782 2139 893 2204 addita
926 2141 978 2205 vel
1011 2139 1142 2222 dempta
1178 2139 1227 2204 vel
1256 2139 1371 2222 quovis

138 2223 237 2287 modo
259 2233 386 2288 mutata
408 2225 526 2373 aliquat
539 2227 719 2290 sententiae
741 2234 842 2308 parte,
871 2233 943 2289 tum
967 2246 1022 2289 eas
1044 2247 1125 2307 quae
1153 2226 1189 2288 in
1218 2223 1371 2307 disquisi-

139 2309 282 2374 tionibus
316 2310 437 2375 criticis
470 2318 526 2375 aut
558 2311 748 2395 theologicis
774 2313 894 2375 famam
925 2310 1139 2375 obtinuerunt
1126 2319 1291 2392 tquaeve
1318 2310 1371 2376 vel

138 2418 181 2460 ex
203 2415 280 2460 casu
307 2395 445 2495 quodam
473 2396 630 2462 oriundae
657 2407 769 2462 tamen
797 2396 896 2461 latius
923 2404 1082 2481 propagat
1083 2419 1121 2461 ae
1148 2405 1242 2461 erant
1269 2416 1370 2495 11111

138 2480 271 2546 nomine
300 2483 409 2545 minus
437 2483 648 2565 spernendae.
694 2484 759 2548 Pos
761 2482 875 2547 11111111
895 2503 949 2546 eas
972 2505 1054 2564 quae
1075 2483 1185 2547 minus
1208 2503 1261 2546 res
1283 2483 1370 2564 ipsas

138 2588 236 2649 quam
254 2589 364 2632 rerum
382 2569 503 2634 formas
520 2578 655 2653 tangere
674 2568 876 2633 videbantur
916 2568 1032 2633 Delect
1020 2579 1090 2632 tum
1107 2569 1214 2651 ipsum
1232 2569 1370 2632 fortasse

138 2652 223 2718 alius
245 2653 379 2718 aliter'
370 2675 423 2718 ms
425 2654 569 2719 tituisset
596 2676 701 2737 neque
731 2656 919 2738 negaverim
946 2655 980 2718 in
1006 2676 1144 2718 numero
1173 2656 1236 2718 isto
1263 2653 1370 2718 mille·

137 2739 230 2805 nario
252 2739 347 2821 plura
369 2740 600 2822 comprehendi
622 2762 705 2822 quae
728 2741 820 2805 salva
848 2761 947 2822 opera
975 2761 1048 2804 mea
1075 2740 1180 2804 omitti
1156 2747 1250 2822 tpo
1253 2747 1369 2816 tetran

137 2823 179 2890 ab
200 2824 315 2890 eodem
337 2825 416 2890 talia
437 2827 550 2892 abesse
573 2827 690 2908 quibus
712 2828 845 2891 insertis
874 2835 908 2890 et
933 2846 1029 2907 scopo
1046 2848 1118 2890 meo
1139 2835 1172 2890 et
1188 2825 1253 2908 legi
1271 2847 1370 2909 quam

136 2910 219 2974 mihi
242 2912 358 2994 scripsi
380 2912 468 2976 haud
490 2912 600 2976 minus
623 2912 847 2978 satisfactum
870 2912 993 2976 fuisset.
1039 2911 1105 2976 Sed
1135 2911 1175 2975 de
1204 2912 1257 2975 his
1281 2931 1371 2976 nunc

137 2997 235 3061 anxie
258 3006 316 3062 aut
337 2997 497 3062 curiosius
519 2999 684 3081 inquirere
710 3019 988 3079 supervacaneum
1011 3006 1102 3062 ratus
1131 2997 1163 3061 id
1187 3019 1291 3062 unum
1313 2996 1370 3062 ad-

136 3084 270 3148 firmare
297 3084 403 3148 ausim
432 3083 593 3149 delectum
624 3085 718 3149 illum
750 3105 815 3148 non
845 3104 887 3147 11
914 3083 1047 3148 11111111
1079 3084 1185 3165 111111
1214 3105 1369 3166 praecon-

137 3176 232 3250 cepto
254 3167 455 3252 pependisse,
483 3192 547 3251 quo
569 3171 602 3234 id
624 3172 746 3252 egerim
769 3179 806 3234 ut
828 3171 985 3234 maiorem
1014 3179 1071 3234 aut
1097 3171 1257 3234 minorem
1283 3170 1371 3234 inter

137 3252 219 3318 diras
242 3275 449 3336 quascunque
471 3254 650 3320 editionum
673 3256 810 3320 familias
838 3255 907 3321 sive
929 3255 1202 3319 necessitudinem
1231 3256 1299 3319 sive
1322 3255 1370 3319 di·

136 3341 328 3404 versitatem
346 3341 547 3406 intercedere
565 3341 830 3406 demonstrarem.
869 3340 997 3405 Seriem
1017 3341 1160 3406 locorum
1178 3341 1214 3404 in
1231 3341 1370 3424 singulis

137 3424 335 3490 editionibus
357 3426 626 3492 conferendorum
649 3428 801 3509 deinceps
823 3449 891 3491 non
913 3427 1054 3508 amplius
1079 3435 1149 3490 mut
1137 3426 1268 3491 tandam
1286 3427 1370 3491 mihi

136 3513 291 3593 proposui
314 3514 520 3594 antequam
511 3534 620 3597 1psum
643 3513 822 3578 collationis
845 3533 926 3594 opus
949 3513 1152 3595 adgrederer

222 3596 299 3679 Ipse
340 3619 416 3662 vero
450 3598 652 3664 millenarius
685 3620 843 3663 numerus
873 3619 933 3698 pre
965 3598 1122 3663 hodierno
1157 3598 1369 3696 computandi

135 3703 227 3747 more
250 3683 312 3748 hoc
334 3684 395 3748 sibi
416 3683 515 3749 habet
502 3684 698 3783 tpecpliaie
715 3685 870 3767 idemque
890 3686 936 3749 rei
954 3683 1309 3762 convenientissimum,
1332 3693 1369 3748 ut

134 3769 243 3851 primo
264 3771 333 3834 fere
355 3770 473 3834 obtutu
493 3792 576 3852 quae
598 3771 685 3835 inter
707 3770 786 3835 duos
812 3781 923 3834 textus
940 3771 1084 3835 rationes
1101 3769 1270 3835 obtineant
1286 3735 1368 3835 lirci-

135 3854 209 3919 dius
237 3856 334 3920 etiam
363 3876 460 3937 quam
489 3857 594 3920 maior
623 3857 739 3938 aliquis
766 3855 880 3920 docere
908 3857 1018 3938 possit.
1065 3855 1101 3922 Si
1129 3855 1202 3937 quis
1224 3854 1368 3920 Millium

135 3948 302 4006 auctorem
335 3953 491 4024 sequutus
523 3942 655 4007 Erasmi
687 3942 863 4006 secundam
898 3941 1073 4006 editionem
1104 3963 1124 4006 a
1155 3941 1262 4024 prima
1287 3941 1368 4006 locis
1468 4025 1473 4030 .

135 4026 393 4109 quadringentis,
417 4027 550 4092 tertiam
572 4050 591 4093 a
613 4027 756 4092 secunda
773 4027 851 4092 locis
871 4038 1003 4092 centum
1023 4036 1056 4093 et
1074 4027 1297 4109 duodeviginti
1314 4049 1365 4090 re-

135 4112 251 4178 cedere
272 4112 398 4196 legerit,
421 4122 570 4195 quartam
588 4135 665 4177 vero
683 4113 761 4178 locis
780 4122 911 4177 centum
929 4122 962 4176 et
984 4135 1042 4178 sex
1065 4120 1234 4189 mutatam,
1257 4132 1366 4176 nonne

134 4198 170 4261 in
192 4198 280 4264 hanc
301 4200 485 4281 opinionem
508 4198 636 4263 decidet
657 4199 748 4281 quasi
772 4221 892 4262 novum
915 4198 1053 4264 subinde
1081 4219 1163 4281 opus
1185 4198 1289 4261 editor
1310 4197 1367 4260 ille

133 4284 313 4366 primarius
334 4284 513 4366 paraverit,
537 4284 594 4348 sed
617 4285 732 4348 ultima
753 4285 824 4349 viee
845 4286 881 4347 in
902 4284 1109 4366 paucioribus
1131 4281 1366 4347 emendationi·

134 4370 196 4435 bus
219 4369 426 4436 substiterit?
448 4370 543 4452 Ego
570 4369 671 4434 nullis
700 4369 903 4435 variantibus
930 4370 996 4434 nisi
1020 4390 1104 4452 quae
1133 4375 1260 4432 textum
1289 4391 1365 4434 vere

133 4466 304 4520 mutarent
327 4456 457 4534 notatis,
480 4457 513 4519 in
536 4455 625 4519 mille
648 4456 718 4519 istis
739 4455 817 4520 locis
840 4455 1106 4520 secundam'non
1128 4454 1191 4518 nisi
1214 4455 1366 4521 vicisset

133 4542 266 4627 septies,
288 4543 421 4608 tertiam
442 4540 549 4608 decies
571 4549 604 4606 et
625 4541 805 4625 quinquies,
835 4550 984 4625 quartam
1013 4542 1113 4608 vicies
1143 4547 1176 4604 et
1205 4541 1319 4607 novies
1346 4563 1366 4605 a
