3016 5018
199 194 218 254 8
678 186 963 243 PRAEMONENDA.

202 367 281 424 1749
312 381 354 426 66.
384 360 495 426 decem
524 359 635 439 tcmis;
664 366 737 424 tum
766 360 811 424 Io.
843 360 920 424 Mel.
951 359 1066 426 Goezii
1092 359 1304 426 Veraetcbaiss
1332 361 1437 425 saluar

198 446 467 529 Bibelscmmlaap
492 452 570 508 1777
596 467 659 528 seq.
684 445 809 510 duobus
832 445 1071 525 voluminibus;
1094 447 1199 511 Iesiae
1218 445 1336 510 Lerkii
1360 466 1434 527 pas-

198 533 278 599 toris
300 532 492 597 Hafniensis
514 531 773 613 Bibclpescbicbtc
804 535 1054 611 1779611783,
1082 553 1164 615 quae
1191 538 1271 596 sunt
1297 531 1435 596 notitiae

198 619 412 702 plurimarum
437 617 618 682 editionum
641 639 720 699 quas
737 616 922 700 possidebat
938 617 994 681 ille
1012 618 1153 684 Croesus
1171 618 1256 681 inter
1273 617 1436 683 librorum

198 704 394 782 collectores,
414 705 505 768 661116
524 703 657 768 divitias
674 705 787 786 paucis
806 704 900 768 annis
918 713 1031 784 postea
1048 705 1152 787 ipsius
1173 724 1272 786 gener
1290 703 1315 767 Ι.
1333 702 1374 769 G.
1396 702 1433 768 Ο.

198 790 341 855 Adlerus
369 789 440 854 orbi
467 789 597 854 literato
624 789 741 854 obtulit
769 789 923 871 stupenti,
952 790 987 853 in
1014 789 1097 854 libre
1125 810 1222 872 quem
1250 788 1434 872 inscripsitt

198 875 403 940 Bibliotheca
420 873 538 940 biblica
555 872 626 940 Ser.
649 874 740 940 ducis
758 875 1025 958 Wirtembergiei
1046 875 1123 939 olim
1145 874 1317 940 Lorkiana
1342 880 1433 940 1787.

199 961 326 1042 Quibus
349 961 500 1026 omnibus
522 980 589 1025 non
612 961 683 1024 sine
704 983 825 1044 magne
847 961 954 1025 fructu
977 982 1056 1026 usus
1079 981 1162 1038 sum,
1192 981 1307 1024 verum
1333 960 1372 1024 de
1396 981 1435 1025 66

198 1069 234 1111 16
257 1068 354 1129 quam
376 1066 454 1128 prae
482 1048 619 1111 caeteris
645 1046 872 1128 persequebar,
901 1054 1014 1112 textus
1043 1047 1333 1112 conformationem
1362 1046 1434 1111 dieo

198 1140 232 1199 61
254 1131 434 1197 editionum
456 1133 572 1210 fontes,
604 1132 691 1214 apud
715 1132 844 1197 cosdem
868 1132 985 1214 ubique
1008 1133 1204 1198 altissimum
1234 1131 1358 1196 obtinet
1389 1132 1434 1198 si-

198 1219 354 1297 lentium,
388 1217 579 1296 ueletiam,
612 1219 639 1282 61
670 1218 750 1282 16116
778 1225 912 1296 661661,
944 1217 1100 1283 iudicium
1127 1224 1372 1301 praeposterum
1402 1223 1436 1282 61

198 1304 419 1381 161661611616,
442 1303 527 1386 quod
550 1303 649 1369 nimis
672 1303 849 1369 confidenti
873 1303 966 1370 facile
987 1304 1093 1368 fraudi
1115 1325 1186 1368 6666
1208 1310 1322 1386 petest.
1366 1303 1435 1369 Hie

198 1410 326 1472 queque
348 1390 520 1454 nominare
541 1390 622 1454 libet
645 1389 843 1472 catalogum
861 1390 1077 1454 bibliothecae
1100 1387 1320 1454 Sussexianae
1342 1390 1435 1455 Len·

198 1475 266 1540 dini
288 1477 367 1536 1827
388 1482 421 1541 61
442 1479 522 1538 1839
543 1474 711 1557 splendide
728 1477 924 1558 impressum
944 1475 1067 1541 duobus
1082 1475 1303 1540 voluminibus
1315 1474 1435 1557 quibus

197 1562 391 1626 innumerae
410 1567 562 1626 textuum
580 1583 744 1627 sacrorum
765 1561 924 1627 editiones
942 1568 1161 1639 recensentur,
1182 1583 1260 1626 cura
1278 1561 1436 1626 61616116

197 1649 234 1712 Τ.
258 1646 284 1711 Ι.
307 1647 496 1731 Pettigrcw.
547 1647 661 1730 Ipsum
683 1647 804 1712 librum
827 1669 936 1711 meum
957 1648 1062 1712 faeere
1083 1647 1229 1712 nondum
1253 1647 1334 1711 mihi
1357 1668 1435 1713 con-

198 1733 281 1816 tigit,
311 1732 368 1798 sed
391 1733 590 1816 Goettingae
619 1734 654 1796 in
684 1755 793 1797 mcum
820 1755 914 1796 usum
946 1731 1121 1816 diligenter
1147 1732 1288 1797 contulit
1316 1742 1349 1796 et
1376 1755 1435 1796 ex-

198 1819 319 1902 cerpsit
338 1823 376 1883 A.
398 1818 556 1896 Oarriere,
575 1818 673 1883 theol.
693 1819 778 1884 bace.
799 1819 926 1895 Gallus,
950 1826 1029 1883 tune
1042 1839 1191 1902 ,magnae
1214 1819 1283 1900 spei
1304 1819 1436 1884 iuvenis

198 1912 232 1969 et
253 1904 371 1969 studiis
393 1904 519 1977 biblieis
543 1910 575 1969 61
597 1904 810 1970 orientalibus
838 1905 974 1970 feliciter
993 1904 1150 1981 intentus,
1180 1906 1245 1970 iam
1272 1912 1304 1967 61
1331 1905 1436 1970 161116

198 1990 364 2055 166111666
386 1990 616 2072 speciminibus
639 1991 735 2054 editis
760 1992 830 2055 orbi
853 1997 953 2054 notus
976 1991 1186 2055 eruditorum.
1231 1990 1326 2072 Ipsae
1355 2011 1436 2054 sane

198 2075 357 2141 librorum
385 2077 509 2157 copias,
541 2099 622 2158 quas
649 2076 695 2142 ill.
745 2077 825 2141 Dux
853 2084 1119 2160 πορφυρογὲννητος
1147 2076 1337 2160 collegerat,
1368 2097 1435 2140 nen

200 2162 280 2227 66116
300 2161 414 2225 1611611
432 2163 531 2244 potui,
551 2162 684 2226 editoris
702 2184 780 2226 vero
798 2160 994 2226 industriam
1013 2169 1046 2226 61
1064 2162 1255 2241 doctrinam,
1274 2163 1307 2225 in
1326 2169 1435 2227 trans·

201 2246 381 2313 scribendis
404 2248 509 2312 titulis
529 2249 638 2312 minus
660 2248 790 2322 curiosi,
818 2248 853 2312 in
884 2248 1102 2313 diiudicandis
1130 2249 1276 2313 textibus
1306 2249 1435 2330 saepius

200 2334 284 2410 falsi,
302 2334 361 2398 vix
379 2333 607 2399 commendare
626 2334 739 2398 ausim.
772 2333 891 2398 Plures
910 2335 989 2398 alios
1008 2334 1107 2400 libres
1126 2335 1211 2398 infra
1229 2333 1269 2398 ad
1288 2334 1436 2417 singulas

201 2419 361 2484 editiones
378 2419 590 2484 illustrandas
608 2419 742 2483 laudare
760 2420 861 2484 satius
883 2420 954 2483 erit.
999 2420 1072 2484 Hoc
1094 2421 1164 2485 1666
1182 2442 1287 2484 666111
1304 2427 1437 2484 1661661

104 2548 106 2551 ·
202 2504 500 2587 supranominatis
523 2504 640 2569 addere
663 2504 751 2583 libet,
780 2505 815 2568 in
846 2505 1000 2570 Ameriae
1028 2505 1163 2582 editum,
1191 2507 1230 2570 11.
1253 2507 1292 2570 Β.
1317 2503 1437 2570 ΟὈ61-

202 2591 333 2675 laghan,
358 2613 377 2654 6
401 2591 454 2654 list
476 2591 511 2672 ef
530 2591 662 2655 editions
684 2591 722 2671 of
738 2591 786 2655 116
808 2590 850 2656 Η.
872 2590 904 2657 S.
928 2593 993 2656 6661
1009 2597 1103 2671 ports
1126 2592 1243 2673 thereos
1255 2592 1384 2672 printed
1402 2592 1438 2656 16

202 2677 352 2742 Ameriae
375 2677 526 2756 previous
546 2681 575 2741 te
601 2680 680 2738 1860
704 2676 840 2741 611166
866 2678 1071 2742 1616166166
1093 2679 1157 2742 cad
1186 2677 1439 2760 bibliograpbicol

202 2767 293 2827 66166.
338 2763 465 2846 11111661
492 2765 580 2826 1861.
626 2761 692 2842 Qui
714 2768 825 2827 tamen
847 2785 914 2828 nen
936 2762 1047 2845 1116166
1068 2785 1166 2845 quam
1188 2764 1332 2847 vinginti
1355 2762 1437 2828 duas

203 2857 358 2927 recenset,
381 2848 494 2913 multis
517 2848 664 2913 numeris
688 2847 871 2932 aagendam
894 2851 1027 2931 copiam.

269 3108 283 3189 §
306 3110 332 3166 3.
377 3104 549 3187 QUIBUS
572 3105 726 3172 oopus
749 3108 808 3171 ΕΤ
831 3105 1065 3173 SUBSIDIIS
1088 3105 1378 3173 INsrRUorUS

543 3207 662 3278 OPUS
687 3209 783 3276 Hoc
806 3209 1096 3277 ADGREDIAR.

290 3362 363 3426 Iam
386 3384 484 3446 supra
512 3366 626 3429 monui
648 3365 749 3430 libres
775 3385 829 3430 666
851 3365 887 3428 16
909 3365 1026 3447 quibus
1047 3363 1111 3428 viri
1133 3362 1218 3429 docti
1241 3363 1349 3428 adhuc
1370 3362 1439 3428 cdi-

205 3450 331 3513 tionum
352 3448 391 3513 N.
412 3452 447 3514 T.
474 3452 583 3534 graeei
605 3451 754 3516 notitiam
777 3451 909 3514 haurire
931 3457 1172 3515 consueverunt
1194 3448 1346 3530 plurimis
1369 3471 1439 3516 sca-

205 3539 275 3598 tere
303 3535 476 3600 erroribus.
532 3536 661 3617 Quibus
689 3537 716 3601 si
743 3536 820 3619 quid
850 3537 971 3601 rectius
1000 3537 1118 3601 efferre
1146 3536 1295 3601 volebam
1323 3536 1439 3600 talium

205 3642 314 3684 rerum
349 3622 494 3698 curiosis,
524 3623 594 3704 ipse
626 3623 791 3704 puriorem
819 3623 973 3687 scientiae
1001 3622 1125 3686 fontem
1153 3621 1243 3685 adire
1271 3620 1438 3702 debebam,

207 3706 330 3770 66111661
352 3707 424 3788 ipsa
446 3708 719 3790 16161616611666
749 3707 946 3773 recensenda
968 3715 1063 3771 erant
1091 3708 1192 3772 oculis
1219 3705 1438 3790 inspecturus.

206 3791 332 3855 Verum
351 3792 432 3858 haec
448 3815 501 3859 166
520 3816 587 3859 666
604 3795 652 3859 116
669 3795 763 3860 bacile
781 3793 906 3858 16161111
928 3794 1044 3875 cuique
1067 3792 1219 3858 66666111.
1260 3792 1302 3857 16
1325 3795 1439 3877 singu-

205 3877 247 3941 lis
269 3877 473 3944 biblietheeis
495 3880 664 3961 pauciores
687 3880 846 3944 6111161166
870 3879 1096 3956 adservantur,
1126 3879 1162 3942 in
1191 3878 1281 3942 nulla
1310 3900 1440 3960 omnes3

205 3963 364 4044 plurimas
383 3986 463 4047 quas
483 3965 703 4049 bibliographi
720 3965 941 4030 laudaverunt
962 3966 1085 4029 frustra
1103 3986 1161 4046 per
1180 3986 1310 4029 omnem
1329 3966 1442 4030 orbem

206 4056 370 4113 terrarum
399 4052 607 4132 quaesiveris.
662 4051 873 4116 Exstiterunt
901 4051 1029 4134 quidem
1060 4052 1210 4116 nonnulli
1238 4051 1291 4116 161
1320 4051 1442 4132 privati

207 4135 910 4220 166166616111611166161666116611661116
939 4137 1094 4220 praefecti
1123 4137 1177 4219 qui
1206 4136 1281 4202 huie
1311 4137 1441 4219 potissi-

207 4242 297 4286 mum
331 4222 516 4303 provinciae
550 4223 751 4306 singularem
783 4245 897 4288 curam
926 4221 1166 4305 impenderunt.
1222 4221 1290 4288 Sed
1322 4222 1442 4304 quibus

207 4305 452 4374 difficultatibus
471 4309 684 4374 circumventi
706 4311 741 4375 in
759 4310 859 4392 copiis
877 4309 945 4374 suis
965 4309 1122 4392 augendis
1140 4307 1317 4373 defecerint
1335 4309 1442 4392 magis

208 4413 306 4474 quam
329 4395 533 4475 profecerint,
564 4397 615 4462 161
643 4419 684 4461 ex
711 4397 783 4479 ipso
809 4395 966 4461 librorum
994 4417 1131 4460 numere
1158 4416 1238 4478 ques
1267 4416 1443 4479 congerere

207 4485 388 4560 potuerunt
409 4480 620 4547 intellexeris.
666 4481 731 4556 Sic,
762 4489 800 4546 ut
822 4479 1026 4564 paucioribus
1055 4481 1213 4564 exemplis
1241 4487 1324 4558 utar,
1353 4488 1441 4546 cata·

207 4561 301 4648 legus
341 4563 557 4635 bibliothecae
596 4568 634 4632 F.
669 4569 817 4634 Mentori
855 4566 1058 4634 celeberrimi
1097 4567 1174 4631 olim
1208 4567 1442 4633 Hafniensium
