3016 5018
232 219 252 277 4
704 206 986 263 PRAEMONENDA.

232 387 311 452 satis
332 383 521 466 imperfecta
542 387 575 444 et
596 401 711 446 manca
734 381 830 446 dicas.
872 379 938 446 Sed
962 381 1070 462 potius
1092 380 1237 447 subsidia
1259 382 1464 463 respicienda

232 482 330 537 erunt
352 469 468 552 quibus
489 489 554 530 uon
585 467 647 532 nisi
670 465 877 549 paucioribus
905 466 954 530 uti
981 467 1046 532 illis
1075 467 1199 544 licebat,
1232 474 1265 530 et
1292 468 1372 532 artis
1401 468 1463 532 cri·

232 557 316 622 ticae
338 556 519 619 arctissima
541 563 611 616 tum
634 554 789 636 temporis
811 553 985 633 pomoeria.
1027 551 1155 632 Quibus
1173 556 1295 618 caussis
1314 554 1464 635 equidem

232 642 268 706 in
291 639 498 706 diiudicanda
520 651 552 702 et
571 638 729 703 librorum
752 647 784 702 et
807 646 978 702 auctorum
1000 637 1159 721 dignitate
1180 661 1249 703 non
1271 640 1382 704 minus
1406 641 1462 703 tri-

231 728 358 794 buerim
392 746 504 808 quam,
543 724 629 806 quod
661 724 732 788 aliis
766 725 947 787 maximum
979 724 1028 787 rei
1059 724 1331 807 impedimentum
1364 726 1464 790 fuisse

231 813 379 890 videtur,
420 809 647 893 theologorum
686 810 867 875 invidiosae
906 809 940 872 in
982 812 1228 875 novaturientes
1263 811 1462 894 vigilantiae.

232 897 325 978 Quae
348 898 471 963 scilicet
492 895 638 961 codicum
661 895 920 978 exploratoribus
949 896 1085 960 minime
1108 896 1219 974 defuit,
1232 959 1233 962 ,
1246 906 1343 978 atquc
1366 899 1462 960 etiam

230 984 336 1049 indies
358 983 496 1048 liberam
525 981 696 1046 scientiam
722 983 911 1064 angustiore
938 981 1041 1046 limite
1069 983 1279 1047 constrictam
1308 984 1462 1064 suspicio·

230 1069 328 1135 nibus
349 1070 455 1152 magis
478 1069 634 1146 vexabat;
664 1065 720 1131 scd
742 1067 850 1131 studia
871 1068 904 1131 in
929 1074 1087 1149 apparatu
1116 1067 1227 1133 critico
1255 1067 1403 1151 augendo
1431 1078 1464 1133 ct

230 1154 433 1220 discutiendo
456 1155 563 1236 posito
585 1174 752 1234 nunquam
774 1153 871 1234 plane
893 1155 1092 1236 compescuit
1114 1163 1147 1216 et
1169 1156 1261 1235 quasi
1283 1154 1373 1217 letali
1396 1162 1463 1219 tor-

229 1262 308 1323 pore
330 1239 476 1304 confecit.
520 1239 593 1302 Imo
614 1239 761 1303 fortassis
789 1260 830 1303 ex
858 1239 914 1303 illa
936 1239 1008 1320 ipsa
1030 1261 1094 1321 qua
1115 1241 1349 1322 premebantur
1378 1238 1463 1304 diffi-

229 1327 352 1392 cultate
373 1323 580 1391 commodum
601 1322 729 1406 aliquod
756 1324 845 1388 haud
873 1324 1092 1406 spernendum
1122 1327 1157 1388 in
1187 1347 1226 1391 ea
1255 1325 1461 1404 redundavit,

229 1412 322 1478 cuius
340 1412 369 1477 si
386 1411 491 1476 nostri
508 1410 666 1475 rationem
685 1409 854 1487 haberent,
880 1410 918 1475 de
940 1412 1163 1494 antesignanis
1189 1411 1365 1475 hodiernae
1383 1412 1463 1476 artis

229 1498 362 1563 criticae
398 1517 574 1577 eorumque
607 1496 788 1574 laboribus,
827 1495 867 1560 de
901 1495 1105 1575 Ourcellaeo,
1140 1497 1313 1574 Waltono,
1345 1498 1461 1577 Fellio,

228 1584 344 1662 Millio,
364 1581 537 1648 Gerhardo
555 1582 678 1647 rectius
696 1581 888 1646 iudicarent.
927 1581 993 1662 Qui
1013 1603 1091 1647 sane
1105 1593 1234 1647 textum
1247 1603 1305 1647 suo
1317 1595 1463 1666 tempore

229 1691 292 1735 usu
331 1670 538 1733 tritissimum
577 1667 753 1749 multisque
792 1667 920 1732 mendis
960 1677 1139 1734 scatentem
1173 1669 1368 1751 simpliciter
1407 1670 1462 1734 de·

228 1756 438 1837 scripserunt,
472 1756 550 1818 satis
584 1754 741 1819 habentes
768 1753 944 1818 lectionum
973 1753 1173 1818 variantium
1202 1755 1400 1838 farraginem
1429 1763 1463 1818 et

229 1863 271 1906 ex
297 1849 390 1923 parte
418 1841 552 1904 testium
581 1839 789 1904 auctoritates
816 1839 852 1904 in
879 1840 1028 1923 margine
1056 1850 1196 1905 notasse.
1249 1839 1317 1905 Sed
1345 1841 1398 1908 vel
1426 1841 1463 1904 in

228 1926 469 2010 prolegomenis
495 1925 549 1990 vel
572 1925 608 1988 in
631 1925 873 1989 commentariis
895 1926 964 1989 suis
986 1926 1115 2004 criticis,
1145 1935 1304 2008 quantum
1331 1927 1398 1990 iam
1426 1927 1462 1989 in

228 2025 300 2077 arte
322 2022 433 2077 nostra
456 2010 660 2093 profecerint,
685 2016 796 2093 aperte
819 2011 1036 2075 declararunt.
1082 2010 1157 2091 Quo
1179 2013 1284 2094 magis
1306 2011 1463 2076 laudandi

228 2097 383 2162 videntur
401 2096 440 2162 ob
458 2096 651 2161 modestiam
670 2117 734 2177 qua
752 2097 841 2160 ducti
859 2119 993 2162 manum
1012 2098 1266 2163 emendatricem
1281 2099 1345 2179 ipsi
1356 2097 1463 2162 textui

228 2184 401 2253 admovere
419 2182 681 2265 supersederunt,
705 2182 759 2248 vel
781 2204 859 2247 suae
880 2182 1027 2264 ipsorum
1049 2184 1219 2266 sagacitati
1242 2183 1378 2248 candide
1401 2183 1462 2247 dif-

228 2269 368 2334 fidentes
396 2270 449 2335 vel
479 2270 578 2332 etiam
609 2268 657 2331 nil
691 2275 799 2334 actum
832 2278 1023 2350 reputantes
1056 2269 1136 2333 dum
1168 2269 1245 2351 quid
1277 2279 1464 2352 superesset

229 2355 392 2438 agendum
420 2355 455 2419 in
485 2353 707 2435 conquirenda
734 2353 873 2418 materia
902 2355 994 2419 cuius
1026 2377 1128 2420 novos
1157 2354 1262 2419 indies
1290 2355 1463 2420 thesauros

229 2441 349 2523 aperiri
375 2440 538 2505 videbant.
584 2440 761 2505 Duriorem
786 2440 890 2521 igitur
911 2441 1195 2523 obscurioremque
1217 2441 1384 2505 malebant
1405 2462 1462 2504 ex-

228 2547 337 2592 ercere
360 2527 503 2591 laborem
532 2547 629 2606 quarn
658 2526 875 2608 praematuris
902 2525 1077 2591 vindemiis
1105 2527 1179 2606 frui,
1212 2548 1325 2591 verum
1353 2537 1385 2590 et
1412 2526 1461 2591 rei

229 2621 263 2676 et
284 2613 354 2696 spei
377 2613 556 2694 pleniorem
578 2620 611 2675 ct
632 2611 770 2693 posteris
791 2611 896 2693 magis
919 2612 1040 2690 utilem,
1070 2633 1167 2694 quam
1190 2613 1220 2678 si
1242 2611 1283 2676 ad
1306 2613 1462 2694 cuiusque

228 2700 305 2764 novi
327 2698 447 2763 codicis
475 2697 589 2776 fidem,
618 2719 714 2779 quem
741 2697 780 2760 iis
808 2718 902 2762 casus
929 2698 1011 2761 forte
1041 2697 1220 2777 obiiciebat,
1250 2698 1386 2763 subinde
1409 2719 1461 2761 re-

227 2784 405 2848 formatum
427 2791 559 2848 textum
581 2784 773 2848 festinanter
795 2782 981 2847 edidissent.
1043 2796 1050 2806 ”

314 2870 406 2934 Haec
429 2879 507 2934 sunt
535 2877 632 2952 atque
662 2869 754 2946 talia,
785 2868 943 2933 benevole
972 2869 1087 2946 lector,
1116 2890 1199 2952 quae
1227 2890 1269 2932 ex
1298 2870 1360 2934 hac
1387 2890 1461 2934 mea

228 2954 406 3020 bibliotheca
427 2956 595 3020 editionem
617 2955 711 3019 facile
733 2954 874 3036 colliges.
921 2952 1029 3033 Quam
1059 2976 1137 3038 ergo
1164 2977 1207 3019 ne
1234 2976 1359 3018 meram
1381 2957 1460 3019 titu-

227 3041 338 3104 lorum
367 3042 552 3124 congeriem
581 3039 689 3104 studio
716 3049 772 3102 tuo
805 3039 975 3122 indignam
1009 3041 1197 3105 existimare
1229 3041 1308 3104 velis
1340 3043 1460 3104 iterum

228 3127 410 3208 iterumque
443 3147 530 3209 rogo.
576 3127 653 3208 Ipse
686 3124 835 3206 equidem
869 3126 898 3190 si
930 3126 964 3189 in
994 3126 1045 3191 his
1073 3126 1250 3191 subsistere
1278 3125 1462 3191 debuissem

227 3233 308 3293 opus
331 3213 391 3278 hoc
415 3211 575 3275 mehercle
597 3226 768 3292 nunquam
793 3211 970 3276 valuissem
992 3211 1156 3276 adfinem
1178 3211 1364 3294 perducere,
1394 3213 1461 3276 imo

227 3320 269 3362 nc
292 3298 331 3362 de
353 3296 537 3363 inchoando
559 3296 692 3380 quidem
713 3298 865 3380 cogitare.
916 3295 983 3361 Sed
1012 3299 1067 3379 qui
1090 3298 1246 3361 historiae
1269 3297 1406 3361 scientia
1427 3299 1462 3360 in

227 3404 421 3466 quacunque
443 3403 553 3447 rerum
576 3383 793 3447 humanarum
815 3393 908 3464 parte
930 3384 1026 3464 plena
1049 3393 1081 3447 et
1103 3384 1238 3465 optabili
1260 3384 1357 3464 potiri
1379 3383 1460 3461 vult,

227 3469 256 3532 is
271 3470 369 3534 etiam
388 3490 520 3550 asperas
539 3476 572 3533 ct
589 3469 785 3551 longinquas
804 3468 931 3531 viarum
950 3470 1103 3552 ambages
1121 3469 1288 3551 deprecari
1306 3479 1339 3531 et
1356 3471 1461 3534 vitare

228 3553 380 3620 dediscat.
427 3553 518 3634 Quas
544 3555 604 3619 tibi
637 3555 666 3618 si
693 3555 857 3635 planiores
884 3554 1098 3636 laetioresque
1128 3553 1307 3618 reddidisse
1338 3554 1459 3632 videar,

227 3639 267 3704 de
290 3642 361 3722 ipsa
380 3662 453 3705 mea
474 3641 579 3722 opella
600 3661 738 3722 aequum
762 3646 794 3703 te
817 3639 957 3704 iudicem
981 3640 1120 3704 audiam.

226 3903 292 3984 §a
338 3898 454 3981 quin
483 3899 584 3965 Anu
612 3898 863 3980 nucusque
891 3898 938 3964 nv
970 3897 1330 3965 eorsoarannoo
1360 3854 1460 3964 nor-

413 3984 595 4051 rrorvuu
616 3984 868 4052 cartaceo
891 3985 1273 4087 ralusmruauvr.

312 4158 387 4223 Non
409 4157 467 4221 abs
488 4179 524 4221 re
547 4157 609 4221 erit
630 4157 742 4240 paucis
771 4157 942 4222 ostendere
963 4179 1061 4240 quam
1083 4180 1210 4239 parum,
1234 4179 1317 4240 quae
1339 4159 1459 4223 hucus-

146 4281 149 4285 >
226 4266 288 4328 que
311 4245 345 4307 in
367 4242 484 4307 notitia
505 4242 683 4306 editionum
706 4243 746 4307 N.
767 4245 802 4308 Τ.
827 4244 936 4326 graeci
958 4244 1191 4309 conscribenda
1213 4265 1232 4307 a
1254 4245 1335 4311 viris
1357 4243 1459 4310 doctis

225 4339 353 4394 tentata
374 4339 459 4398 sunt,
486 4329 638 4393 omnibus
660 4330 806 4393 numeris
828 4329 976 4395 absoluta
998 4331 1062 4394 dici
1083 4331 1217 4412 possint.
1263 4327 1357 4412 Opus
1380 4332 1460 4395 satis

225 4415 431 4498 fastidiosum
463 4424 496 4480 et
519 4414 665 4496 ipsorum
691 4415 758 4478 iam
786 4428 892 4478 aetate
917 4415 1114 4480 immensum
1141 4424 1175 4479 et
1206 4415 1352 4495 difficile,
1384 4426 1460 4498 post

225 4499 336 4580 plures
358 4501 526 4565 variorum
554 4508 689 4565 conatus
711 4503 869 4565 memoria
891 4501 1060 4566 hominum
1083 4499 1192 4566 minus
1214 4500 1338 4585 dignos,
1360 4502 1460 4583 primi

226 4582 373 4668 adgressi
404 4597 483 4651 sunt
514 4585 643 4652 saeculo
676 4586 842 4669 superiore
877 4587 1012 4652 ineunte
1051 4585 1217 4655 duumviri
1256 4588 1460 4656 celeberrimi
