3016 5018
178 279 241 342 274
686 271 804 330 CAPUT
821 272 918 332 XXVI.

179 469 252 514 eam
285 446 465 525 inciderim,
497 447 532 512 id
565 446 647 512 mihi
680 445 814 512 dubium
849 468 915 513 non
936 446 1098 529 movebat,
1137 467 1240 531 quum
1272 445 1349 513 libri
1382 446 1419 512 in

179 535 317 602 Oriente
340 533 420 598 editi
442 533 500 602 vix
522 532 563 599 ad
584 540 697 600 nostra
724 533 840 599 limina
867 535 1041 618 pervenire
1069 533 1203 612 soleant,
1228 555 1418 617 quanquam

178 643 260 706 opus
291 621 395 704 ipsius
428 620 583 687 eeclesiae
612 620 807 703 Opolitanae
836 621 1044 703 patriarchae
1073 621 1248 686 autoritate
1281 619 1418 700 editum,

177 707 322 790 adeoque
351 708 458 791 prima
485 708 631 772 omnium
660 713 694 771 et
727 708 821 772 unica
842 706 883 772 N.
908 707 944 773 Τ.
972 708 1081 792 graeci
1109 706 1208 772 editio
1238 705 1418 785 orientalis,

179 794 298 860 saltem
328 793 545 859 Vindobonao
574 795 736 859 asservari
765 792 910 858 debebat.
957 794 1084 859 Verum
1116 815 1158 858 ex
1191 813 1254 876 quo
1288 814 1308 858 a
1336 793 1419 860 viris

177 879 280 946 doctis
308 881 443 944 natione
467 879 604 945 Graecis
626 879 784 963 pluribus,
815 879 892 944 olim
920 879 975 946 vel
1008 881 1045 945 in
1078 880 1254 945 seminario
1283 877 1418 944 Chalci-

178 965 280 1046 densi,
310 966 363 1031 vel
385 965 636 1051 Hierosolymis,
665 966 720 1033 vel
742 965 885 1031 Athenis
910 972 943 1031 et
971 965 1049 1032 alibi
1071 964 1355 1032 concionatoribus
1385 972 1420 1031 et

176 1053 422 1138 professoribus,
461 1074 550 1118 nunc
589 1052 676 1138 apud
717 1073 777 1117 nos
815 1053 1030 1136 Argentorati
1069 1053 1187 1118 studiis
1225 1051 1419 1136 theologicis

176 1137 452 1216 incumbentibus,
477 1139 608 1220 saepius
636 1138 757 1217 audivi,
787 1136 961 1204 editionem
991 1138 1091 1204 talem
1113 1137 1418 1222 Constantinopoli-

176 1232 289 1291 tanam
309 1225 345 1289 in
364 1225 506 1291 Graecia
527 1226 660 1290 omnino
677 1225 880 1307 incognitam
903 1246 983 1304 esse,
1002 1226 1150 1308 suspicor
1167 1225 1300 1290 titulum
1322 1224 1419 1290 illum

177 1313 411 1394 Mosquensem
432 1312 546 1377 lectori
575 1312 685 1377 fucum
713 1313 819 1376 facere
846 1311 999 1380 voluisse.
1045 1312 1200 1378 Fortasse
1222 1310 1420 1394 respiciebat

178 1398 283 1464 editor
316 1398 358 1462 ad
384 1399 425 1466 N.
458 1399 494 1463 Τ.
530 1419 558 1462 a.
595 1402 675 1460 1810
708 1397 854 1463 Londini
887 1399 1086 1481 impressum
1118 1398 1308 1481 bilinguem,
1328 1397 1421 1463 xusui

178 1485 383 1550 Graecorum
406 1484 605 1548 destinatum
633 1484 726 1549 ouius
753 1483 955 1566 exemplaria
977 1484 1122 1570 Oyrillus
1144 1483 1335 1566 patriarcha
1357 1483 1420 1549 ali-

177 1592 241 1654 quo
264 1591 322 1635 suo
345 1571 524 1654 patrocinio
548 1570 679 1655 dignari
701 1575 861 1653 potuerat.
886 1571 985 1637 Oerte
1007 1577 1117 1637 textus
1139 1571 1238 1635 huius
1261 1569 1420 1636 editionis

176 1664 210 1722 et
232 1657 440 1742 Mosquensis
462 1655 551 1722 idem
573 1663 630 1722 est
